4234 6059
963 743 1006 813 35

389 968 445 1035 Aa
466 988 511 1035 es.
538 969 603 1034 431
630 988 676 1054 sq.
725 973 837 1036 ΔΙΟΝ.
861 968 955 1049 ἔχοιτ’
979 969 1016 1034 oio
1037 967 1086 1035 σῦν
1108 969 1223 1052 Φρασαι
1247 974 1298 1053 νῷν

855 1103 1004 1170 Πλούτων’
1020 1102 1091 1170 ὅσον
1107 1103 1200 1170 ἔνθαδ’
1222 1106 1309 1182 einch

369 1239 465 1306 lam
500 1238 622 1305 dudum
656 1239 743 1305 hunc
776 1238 885 1305 locum
909 1238 1028 1306 mendo
1052 1239 1201 1313 laborare
1225 1260 1417 1328 persuasum
1441 1241 1521 1308 mihi
1545 1249 1625 1309 erat.

344 1376 385 1441 In
422 1396 493 1443 voc.
527 1373 574 1440 odo
607 1374 801 1459 haerebam,
846 1372 932 1460 quod
967 1375 1029 1440 boc
1065 1373 1156 1452 loco,
1201 1375 1258 1441 ubi
1292 1375 1374 1440 nihil
1409 1376 1626 1462 concluditur,

345 1509 625 1576 accommodatum
658 1530 725 1576 non
756 1530 828 1575 esse
852 1509 967 1598 liquot.
1015 1509 1261 1576 (lorrectionem
1285 1515 1398 1577 tamen
1422 1512 1626 1600 probabilem

344 1666 411 1712 non
432 1645 652 1712 inveniebam.
699 1644 796 1710 Nunc
820 1643 1000 1732 speciosam
1025 1643 1311 1729 emendationem,
1335 1666 1432 1731 quam
1450 1645 1627 1713 defendero

344 1803 411 1848 non
435 1780 569 1866 dubito,
601 1780 707 1869 reperi
732 1778 948 1846 Heruerdeni
971 1779 1006 1844 in
1030 1780 1263 1847 Halbertsmae
1286 1778 1425 1847 Advors.
1452 1780 1554 1863 θεία,
1586 1781 1627 1847 ab

345 1938 384 1984 eo
408 1915 507 1984 edita.
532 1915 598 1982 Ubi
621 1915 657 1980 in
681 1913 896 1982 annotatione
920 1913 962 1980 ad
984 1935 1031 1983 vs.
1056 1920 1205 1981 nostrum
1228 1914 1404 2003 legendum
1429 1936 1500 1983 esse
1524 1916 1627 2004 suspi-

344 2058 457 2119 catur:
493 2052 578 2133 ἔχοι
602 2075 662 2124 τις
686 2049 730 2116 ἂν
753 2049 869 2132 φράσαι
891 2051 944 2131 νῷν
968 2075 996 2116 ιι.
1008 2076 1038 2118 τ.
1052 2066 1083 2118 λ.

389 2187 496 2255 Sobel.
523 2187 605 2253 Rae.
629 2186 673 2252 ad
694 2207 738 2253 os.
762 2186 838 2252 456.
886 2187 1080 2263 μεμυήμεήατ
1109 2186 1254 2266 μυστήρια
1277 2187 1382 2264 ἕκλήήη
1406 2185 1488 2268 σαριὶ
1512 2190 1546 2252 τὸ
1562 2187 1628 2260 τοὺς

344 2323 505 2396 ιὶιισύσντας
529 2321 613 2400 μύειν
636 2322 670 2387 τὸ
693 2320 794 2400 στόμα
817 2321 867 2386 καὶ
891 2320 990 2399 μηδενὶ
1013 2327 1114 2387 ταῦτα
1138 2319 1316 2400 ἐξηγεῖσθαι.
1341 2321 1437 2408 [μύειν
1458 2321 1488 2386 δέ
1512 2323 1573 2388 ε’στι
1595 2320 1628 2387 τὸ

345 2460 450 2525 κλείειν
472 2458 506 2523 τὸ
529 2457 654 2543 actual.

388 2592 472 2661 (lum
506 2592 611 2661 Ruth.
645 2591 728 2659 haec
762 2589 873 2658 delere
898 2590 1037 2658 fortasse
1062 2612 1196 2658 neccsse
1220 2612 1287 2658 non
1311 2596 1371 2659 est.
1419 2591 1513 2659 Talia
1536 2590 1625 2658 enim

344 2727 586 2812 additamenta,
618 2728 737 2814 quibus
767 2727 875 2815 ipsum
897 2726 1053 2812 verbum,
1079 2748 1098 2791 a
1121 2747 1185 2814 quo
1211 2747 1281 2793 voc.
1305 2727 1341 2792 in
1363 2726 1517 2793 lemmate
1541 2725 1628 2793 deri·

344 2864 467 2931 rabant
490 2863 704 2948 scholiastae,
728 2862 929 2950 explicatur,
954 2883 1021 2929 non
1044 2861 1092 2927 ita
1114 2883 1188 2928 rara
1211 2867 1288 2927 sunt
1305 2863 1340 2945 1).
1376 2861 1627 2928 Substantivnm

344 3021 422 3066 vero
445 3000 478 3066 τὸ
502 2999 621 3080 στόμα,
647 2997 734 3085 quod
759 3003 793 3064 et
818 2997 908 3065 soto.
926 3020 951 3064 s.
968 3020 999 3064 v.
1023 2998 1171 3078 μυστήρια
1195 2996 1320 3080 omisit,
1346 3018 1421 3063 eum
1437 2996 1493 3083 qui
1509 2996 1625 3063 ultima

345 3135 501 3221 subjecit,
536 3133 572 3199 in
606 3132 769 3219 prioribus
803 3153 869 3198 non
904 3133 1043 3219 legisse,
1075 3132 1183 3221 ipsum
1219 3131 1480 3198 additamentum
1504 3133 1622 3218 arguit.

342 3271 462 3357 Neque
486 3268 690 3336 desideratur
713 3268 753 3334 cf.
777 3268 886 3356 Iltym.
910 3269 955 3335 ll.
973 3271 1048 3334 295.
1067 3270 1124 3334 49:
1149 3317 1184 3336 ..
1205 3321 1210 3334 .
1229 3318 1237 3335 .
1253 3265 1275 3333 ἃ
1291 3269 1345 3352 ,δεῖ
1357 3268 1513 3345 μύσαντας
1529 3275 1625 3348 τηρεῖν
1668 3252 1675 3262 ’

343 3407 427 3472 ἔνδον.
457 3443 502 3454 -
527 3403 743 3471 Scholiastam
768 3424 854 3469 nnnc
880 3403 1030 3488 tandem,
1063 3403 1120 3490 ubi
1143 3408 1241 3492 poeta
1265 3403 1421 3490 mysterIa
1448 3408 1483 3468 et
1504 3407 1627 3490 mystas

341 3539 522 3607 identidem
542 3540 612 3626 jam
636 3538 818 3605 nominavit
841 3539 918 3624 (vso.
945 3542 1028 3623 159,
1053 3539 1130 3623 314,
1155 3540 1233 3622 336,
1258 3540 1336 3620 370)
1361 3542 1394 3602 et
1417 3538 1487 3624 ipse
1499 3538 1569 3623 jam
1585 3536 1626 3602 ad

342 3698 389 3745 vs.
416 3679 478 3742 159
503 3696 612 3741 eorem
636 3674 837 3740 mentionem
860 3674 956 3760 fecit,
980 3672 1132 3740 vocabuli
1156 3679 1290 3759 etymon
1311 3672 1406 3758 dare,
1433 3673 1625 3761 praesertim

341 3832 415 3877 cum
449 3811 484 3876 in
514 3809 688 3879 verborum
712 3812 871 3875 contextu
894 3829 959 3875 vox
983 3829 1050 3874 non
1074 3812 1242 3891 occurrat,
1273 3805 1435 3894 estquod
1459 3805 1624 3872 miremur.

386 3947 491 4014 Sobel.
516 3946 598 4013 Rav.
623 3944 667 4011 ad
688 3964 732 4012 vt.
756 3945 832 4010 469.
869 3943 952 4025 ixei:
978 3943 1066 4016 οὕτως
1091 3942 1218 4009 Ἀττικοὶ
1243 3942 1276 4007 τὸ
1299 3941 1356 4024 ἔχη
1370 3939 1430 4005 eiad
1447 3946 1497 4005 τοῦ
1513 3938 1624 4021 ἔχομαι

341 4083 470 4161 δευτέρον
493 4080 655 4164 προσήισαν.

385 4217 506 4284 Immo:
543 4217 724 4295 δεύτερον
748 4214 960 4296 captonaco.
996 4213 1045 4281 (li.
1075 4214 1174 4280 schol.
1200 4211 1242 4278 ad
1267 4233 1314 4280 vs.
1341 4214 1415 4280 636.
1462 4211 1544 4278 Post
1565 4199 1623 4294 ε’χη

340 4354 469 4441 virgula
492 4357 543 4420 est
567 4349 835 4439 distinguendum
851 4350 890 4435 2).
914 4387 958 4399 -

385 4489 491 4556 Sobel.
514 4489 596 4555 Ros.
621 4487 664 4553 ad
686 4509 730 4554 oa.
755 4487 834 4554 475.
879 4484 1056 4566 Ταρτησίαι
1081 4485 1163 4566 παρὰ
1187 4485 1238 4559 τήν
1257 4483 1375 4566 ’Ἃιρισν
1399 4482 1513 4561 λίμνην.

340 4711 587 4722 Α--ι-ι-

372 4859 401 4925 l)
419 4860 447 4912 ll.
466 4874 490 4927 g.
506 4860 566 4910 vide
583 4858 665 4910 schol.
683 4858 715 4909 ad
733 4857 802 4910 lien.
819 4856 934 4924 ισ.138;
953 4857 1024 4909 Nnb.
1042 4856 1106 4923 2653
1123 4856 1193 4908 Plnt.
1211 4855 1261 4907 435
1279 4861 1327 4908 etc.

372 4954 401 5017 2)
425 4954 463 5005 De
486 4954 578 5005 formis
601 4954 628 5003 in
653 4968 688 5000 -ει
712 4952 745 5004 ci.
762 4952 911 5003 Buttmann
929 4951 972 5004 Gr.
991 4951 1034 5004 Gr.
1053 4966 1078 5017 p.
1095 4948 1144 5001 10⁷
1163 4959 1217 5016 sq.;
1236 4950 1334 5000 Zacher
1351 4947 1444 5000 Philol.
1461 4947 1547 5012 suppl.
1562 4945 1620 5000 vll.

339 5063 364 5114 p.
382 5043 432 5099 4⁷3
448 5063 507 5113 sqq.
