4234 6059
939 746 987 842 ἰι

326 998 458 1082 taetras
493 996 558 1068 ὕπο.
584 1039 625 1050 -
651 999 746 1077 Quod
770 999 811 1066 ad
835 999 1053 1083 sententiam,
1087 996 1276 1085 saepissime
1300 996 1440 1085 legimus
1464 988 1611 1063 advenas

328 1139 475 1206 modeste
510 1143 610 1226 atque
646 1136 785 1205 demisse
820 1157 855 1202 se
890 1157 1004 1223 gerere
1038 1140 1189 1223 oportere
1207 1133 1233 1218 ¹)
1268 1133 1380 1220 itaque
1416 1154 1545 1222 semper
1577 1154 1612 1199 se

328 1280 448 1362 gerunt
470 1275 526 1362 qui
549 1272 636 1362 apud
660 1273 842 1340 Homerum
865 1272 1005 1339 audiunt
1027 1253 1111 1348 ξεῖνοι
1135 1271 1242 1336 αἰδοῖοι.

373 1409 478 1476 Sobel.
513 1410 594 1476 Rae.
630 1408 674 1474 ad
709 1429 753 1476 oe.
787 1411 864 1476 372.
899 1408 986 1488 χώρει
1011 1433 1058 1472 σοι
1082 1421 1168 1472 arm:
1202 1405 1396 1486 Ἀρίσταρχος
1420 1405 1480 1469 ciro
1506 1399 1613 1470 τούτων

330 1546 411 1625 λέγει
434 1545 483 1610 rio
506 1545 590 1626 χορὸν
616 1545 799 1625 μεμερίσίοιι.

375 1681 448 1746 Η66
495 1680 595 1745 schol.
642 1702 689 1745 vs.
738 1681 802 1745 354
849 1677 1050 1764 adscriptum
1098 1682 1186 1761 erat,
1237 1674 1454 1741 Fritaschium
1500 1680 1613 1741 autem

330 1820 463 1881 secutus
497 1815 562 1881 huc
594 1815 796 1903 transposuit
819 1814 955 1897 Rutu,
979 1813 1076 1878 simul
1099 1811 1200 1879 schol.
1225 1811 1266 1878 ad
1290 1833 1337 1878 rs.
1356 1813 1446 1910 eus:
1487 1814 1614 1877 ἐντεῦθεν

331 1950 526 2031 Ἀρίσταρχος
565 1951 719 2028 ὑπενόησεν
758 1953 800 2029 μὴ
827 1948 893 2016 duco
917 1956 967 2014 τοῦ
993 1955 1078 2030 χοροῦ
1105 1943 1177 2013 ιίιιιι
1200 1949 1242 2013 τίς
1269 1947 1377 2028 πρώτα.
1404 1953 1489 2014 τοῦτο
1512 1946 1542 2012 ds*
1565 1950 1614 2013 οὐκ

330 2084 506 2163 ιὶξιίσιστοι.
530 2087 673 2158 πολλάκις
698 2087 758 2167 γὰρ
782 2087 923 2160 αλλήλοις
944 2082 1016 2149 οὕτω
1040 2082 1308 2164 παρακελεύονται,
1333 2083 1477 2149 referens
1501 2082 1543 2148 ad
1566 2105 1613 2150 vs.

332 2222 408 2287 377.
456 2220 550 2296 Quod
573 2220 700 2286 utinam
725 2241 791 2286 non
814 2219 955 2286 fecisset.
1002 2218 1137 2284 Infirmo
1162 2220 1267 2303 enim,
1291 2239 1343 2285 me
1362 2217 1494 2306 judice,
1519 2241 1614 2305 argu·

311 2361 443 2421 mento
471 2355 513 2422 ad
538 2355 778 2424 defendendam
803 2356 991 2444 opinionem
1014 2377 1107 2421 suam
1130 2355 1298 2423 Fritzsche
1323 2355 1453 2441 nititur,
1488 2354 1615 2421 duabus

334 2490 401 2557 soil.
439 2491 663 2557 incertissimis
700 2491 915 2578 conjecturis,
951 2514 1031 2579 quas
1055 2492 1192 2559 iecitin
1215 2491 1328 2558 scholi.
1354 2491 1395 2557 ad
1419 2514 1465 2558 vs.
1492 2493 1557 2556 354
1582 2497 1616 2558 61

293 2706 296 2710 ,
335 2648 382 2694 vs.
408 2629 490 2713 372,
516 2649 600 2712 quae
625 2627 747 2694 scholia
771 2628 841 2697 cod.
866 2628 950 2695 Rav.
975 2629 1095 2716 partim
1119 2628 1236 2694 omisit.

378 2762 418 2828 In
452 2763 559 2848 priore
595 2763 695 2829 schol.
731 2763 813 2829 haee
848 2770 942 2830 sunt:
982 2762 1179 2844 Ἀρίσταρχος
1220 2763 1280 2828 οἷσί
1318 2765 1390 2850 (pro
1419 2763 1481 2848 ἐπί)
1508 2764 1616 2829 τούτων

333 2897 416 2974 λέγει
452 2897 499 2962 τὸν
534 2901 619 2979 χορὸν
653 2902 825 2981 μεμερίσθαι
860 2900 898 2972 είς
921 2901 1027 2979 μερικοὶ
1049 2899 1244 2978 οὶιαῖσοιισσα,
1268 2897 1352 2962 ἄλλα
1379 2897 1409 2962 δέ
1436 2898 1614 2977 ιίριείβεοίιιι

334 3032 381 3097 riv
405 3033 498 3113 χορόν.
531 3034 596 3099 Pro
621 3035 738 3122 quibus
764 3035 974 3123 rescripsit..
990 3082 1021 3102 ..
1047 3034 1139 3099 otas*
1159 3033 1266 3112 ἔμβα
1290 3033 1319 3097 δὲ
1342 3033 1521 3111 ἀμείβεσθαι
1547 3049 1615 3098 κτλ.

336 3167 421 3243 Quid
445 3173 557 3234 autem
584 3170 650 3234 sint
673 3171 778 3251 μερικιὶ
802 3172 998 3249 ἀνάπαιστα,
1022 3171 1057 3235 in
1081 3191 1165 3256 quae
1181 3170 1299 3236 chorus
1316 3168 1487 3253 dividitur,
1507 3188 1615 3254 nemo,

337 3302 399 3368 nisi
433 3303 541 3389 fallor,
577 3305 750 3393 intelleget
784 3327 891 3392 neque
926 3306 1030 3393 magis
1064 3306 1121 3391 qui
1144 3305 1253 3392 priora
1276 3310 1312 3370 61
1333 3305 1506 3392 sequentia
1528 3305 1618 3372 inter

337 3458 372 3504 se
416 3445 632 3527 opponantur.
693 3441 799 3506 Multo
842 3442 958 3507 melius
996 3441 1031 3507 in
1068 3439 1300 3507 commentario
1336 3439 1377 3506 ad
1412 3461 1460 3508 rs.
1498 3443 1562 3506 354
1587 3461 1617 3508 v.

318 3571 502 3656 ‘Leeuwen
525 3576 633 3641 locum
656 3576 910 3668 redintegravit:
925 3627 933 3643 .
947 3627 955 3642 .
970 3627 1001 3644 ..
1026 3579 1199 3658 μεμερίσθαι
1223 3578 1277 3650 είς
1301 3576 1394 3656 μέρη
1418 3562 1553 3654 ίκιια)
1570 3577 1618 3643 σὸι

336 3709 390 3784 μὲν
421 3717 575 3792 κορυφαῖοι
606 3714 704 3790 λέγειν
738 3711 813 3784 σ>ι1
851 3712 1027 3778 οίνοίσαισσιι
1066 3728 1132 3778 κτλ.
1185 3711 1226 3776 In
1260 3711 1364 3778 altero
1401 3711 1501 3780 schol.
1537 3712 1619 3779 haee

336 3843 507 3931 leguntur:
532 3847 676 3920 σολλιὲκις
700 3848 759 3927 γαρ
782 3848 925 3924 αλλήλοις
947 3846 1020 3914 οὕτω
1043 3846 1294 3930 παρακελεύονται
1319 3848 1343 3912 σι’
1366 3848 1430 3926 περὶ
1455 3848 1503 3913 σὸν
1523 3848 1617 3928 χορὸν.
1728 3885 1730 3890 ·

338 3978 380 4044 ἔτι
404 3980 418 4043 o‘
439 3979 524 4060 χορὸς
547 3980 580 4044 τὸ
602 3979 679 4047 ἄλλο
697 3983 779 4060 μετα
794 3990 845 4049 σοῦ
861 3991 958 4065 χοροῦ.
994 3983 1120 4049 Ultima
1136 3982 1234 4050 Dind.
1253 3987 1287 4049 et
1302 3982 1412 4051 Diibn.
1430 3983 1618 4070 ejecerunt,

339 4115 508 4182 Fritzsche
543 4117 702 4184 correxit:
736 4118 821 4183 ἔστι
853 4119 889 4183 δὲ
920 4121 983 4183 καί
1008 4121 1047 4185 τί
1071 4118 1188 4200 χώρει
1212 4120 1272 4203 (vs.
1298 4120 1377 4204 372)
1400 4121 1443 4192 ὡς
1468 4119 1508 4184 τὸ
1532 4119 1618 4184 αλλ’

338 4250 422 4328 ἔμβα
447 4254 508 4337 (vs.
534 4255 616 4339 378)
640 4259 690 4320 τοῦ
713 4260 818 4336 χοροῦ,
843 4255 939 4320 nimis
962 4254 1117 4320 audacter
1141 4255 1318 4344 suspicioni
1341 4270 1419 4322 suae
1441 4255 1550 4322 locum
1573 4256 1621 4321 ita

338 4387 597 4456 accommodans.

382 4523 555 4590 Fritzschii
577 4525 775 4611 conjecturis
797 4527 930 4612 rejectis
954 4527 1086 4593 omnino
1111 4549 1177 4594 non
1201 4527 1315 4613 video,
1340 4549 1398 4594 cur
1414 4527 1514 4596 schol.
1531 4528 1616 4596 Rau.

339 4657 380 4724 ad
404 4681 451 4726 vs.
477 4662 542 4725 354
576 4660 684 4726 locum
723 4683 817 4727 suum
854 4668 966 4729 tenere
991 4627 1158 4750 negemus.
1206 4664 1280 4730 Hoc
1304 4684 1406 4730 unum
1430 4663 1619 4748 contendit,

339 4792 566 4862 Aristarchum
589 4802 764 4886 annotasse
788 4820 893 4885 nunc,
917 4803 993 4886 post
1015 4799 1187 4866 introitum
1210 4800 1244 4865 in
1262 4799 1479 4886 orchestram,
1503 4799 1538 4864 in
1555 4798 1620 4864 duo

341 4987 588 5006 ⁶-—

373 5088 401 5154 1)
419 5092 451 5143 61
468 5096 573 5155 praeter
589 5091 606 5144 l.
624 5092 641 5142 1.
659 5091 803 5161 Euripidis,
821 5093 915 5162 166611.
933 5093 1025 5159 Suppl.
1041 5093 1099 5162 917,
1117 5094 1195 5160 Soph.
1214 5092 1619 5162 eeuc01.1rr,1srsqq,sar.
