4234 6059
951 739 993 815 et

328 968 463 1039 dentem
493 972 658 1061 adscripta
689 978 791 1040 erant.
828 973 892 1049 Qui
923 973 1098 1039 scimliasta
1130 996 1176 1041 vs.
1202 978 1264 1040 951
1291 976 1392 1041 ταύτό
1419 975 1529 1063 legere
1553 994 1611 1066 pc-

330 1109 448 1193 tuerit,
473 1129 537 1173 ncn
562 1130 733 1207 assequ0r3
769 1130 853 1195 quae
877 1109 962 1175 foret
984 1109 1082 1175 lectio
1107 1110 1196 1174 omni
1220 1131 1319 1175 sensu
1343 1132 1443 1175 cassa.
1481 1111 1636 1178 Deinde.

329 1245 365 1310 in
388 1242 459 1311 cod.
483 1245 566 1310 haec
590 1249 790 1330 sequuntur,
815 1266 900 1332 quae
924 1246 1025 1311 Ruth.
1050 1246 1123 1311 loco
1148 1265 1213 1310 non
1237 1234 1356 1311 mavit:
1382 1246 1430 1309 καὶ
1463 1247 1502 1319 εἷς
1527 1254 1611 1313 τοῦτο

329 1380 509 1462 κοριιρδεῖται
544 1380 697 1457 Εὐριπίδης
731 1378 773 1445 ότι
808 1381 973 1463 ἀδιαφόρως
1009 1381 1140 1466 (Ruth.)
1174 1388 1234 1453 τοῖς
1270 1381 1427 1460 προσώποις
1460 1382 1612 1456 νόνοικεόους

328 1514 435 1591 λόγους
469 1516 650 1594 περιτίθησιν.
687 1514 779 1590 Quae
813 1513 855 1579 ad
892 1520 1021 1580 textum
1054 1520 1293 1597 nostrumnon
1318 1514 1478 1601 quadrare
1502 1517 1609 1603 quivis

329 1648 429 1716 videt.
464 1650 517 1717 nx
551 1671 591 1715 eo
626 1650 732 1733 enim,
767 1649 855 1735 quad
890 1671 1068 1737 numquam
1098 1651 1132 1714 in
1165 1650 1329 1738 Euripidis
1352 1650 1471 1716 fabulis
1495 1673 1609 1717 omnes

330 1805 491 1873 personae
533 1786 625 1850 taciti
666 1784 878 1868 adsidebant,
922 1785 1005 1851 effici
1040 1807 1107 1851 non
1145 1786 1223 1851 licet
1258 1786 1356 1851 etiam
1392 1788 1612 1859 ανοικείους

330 1922 472 1998 λόγους
495 1921 622 1986 locutas
646 1942 702 1987 eas
726 1942 807 1986 esse.
826 1960 867 1969 —
885 1920 957 1986 Nisi
970 1922 1101 2007 egregie
1118 1921 1222 2007 fallor,
1241 1921 1282 1986 ad
1299 1921 1421 1988 variam
1437 1923 1613 1988 lectionem

332 2056 492 2121 scholium
516 2061 644 2144 spectat
657 2056 694 2141 ¹),
719 2079 738 2122 e
762 2078 809 2143 g.:

599 2248 670 2311 ἄδικ’
693 2248 796 2324 ἔλεγεν
821 2250 837 2324 ἦ
861 2248 935 2324 γυνη
959 2247 992 2312 τό
1015 2272 1064 2324 μοι
1089 2250 1135 2327 χώ
1159 2248 1256 2321 δοῦλος
1280 2243 1465 2322 aridissima

599 2386 647 2462 χῶ
670 2384 811 2459 δεσπότης
835 2385 877 2463 χή
901 2383 1035 2462 παρόόνος
1052 2386 1096 2463 χή
1120 2390 1213 2465 γραῦς
1229 2382 1266 2449 όνν
1281 2384 1421 2451 ταύτό.

1360 2520 1433 2584 Aia
1443 2544 1478 2599 χ.
1510 2513 1614 2603 κρῖπα

601 2656 651 2719 οὐκ
675 2654 830 2718 οόποόιινεῖν
853 2679 887 2717 σε
911 2659 1010 2719 ταῦτα
1035 2660 1110 2733 χρῆν
1134 2659 1290 2729 τολμῶντα
1298 2678 1307 2732 ;

380 2844 485 2920 Quam
517 2844 692 2909 lectionem
718 2843 849 2908 omnino
874 2839 1084 2929 rejiciendam
1109 2863 1269 2908 essenon
1295 2844 1435 2909 arbitror
1452 2845 1488 2928 2ρ.
1525 2843 1610 2910 Vide

244 2986 248 2991 ’
333 3000 376 3045 ne
411 2979 528 3044 melius
565 3000 638 3044 cum
674 3000 736 3045 uss.
773 2979 986 3063 sequentibus
1025 2977 1106 3043 haee
1143 2983 1335 3063 congruant.
1384 2968 1490 3044 Causa
1524 2980 1611 3043 enim

333 3136 391 3181 cur
425 3120 530 3180 morte
565 3114 649 3179 affici
673 3113 809 3180 deberet
832 3134 903 3179 esse
927 3134 993 3178 nan
1017 3114 1127 3201 potuit
1150 3113 1236 3199 quod
1262 3120 1295 3179 et
1319 3114 1415 3179 heros
1440 3119 1473 3179 et
1497 3135 1609 3180 servos

331 3251 504 3336 loquentes
538 3249 716 3316 induxerat
749 3270 856 3335 neque
891 3249 953 3314 hoa
984 3248 1100 3313 fecisse
1131 3247 1251 3314 indolis
1280 3250 1445 3337 popularis
1465 3252 1535 3335 jam
1561 3257 1612 3316 est

332 3385 583 3471 documentum,
608 3385 665 3451 sed
689 3384 776 3471 quod
800 3385 835 3449 in
855 3383 1034 3470 tragoediis
1055 3383 1096 3449 dc
1112 3382 1228 3449 iisdem
1245 3385 1364 3469 rebus,
1384 3406 1488 3473 aeque
1504 3386 1607 3451 libere

331 3522 541 3607 ingenueque
575 3542 612 3585 ac
648 3520 736 3604 heri,
772 3521 857 3586 servi
892 3519 1115 3603 disserebant,
1140 3540 1246 3605 neque
1270 3520 1372 3584 ullum
1397 3542 1609 3608 personarum

332 3656 530 3721 conditionis
554 3656 727 3722 discrimen
751 3656 893 3721 faciebat
917 3657 1069 3743 tragicus.
1095 3655 1134 3720 cf.
1158 3656 1300 3721 Acharn.
1324 3678 1373 3722 vs.
1397 3659 1481 3741 400,
1511 3658 1610 3724 schol.

332 3790 374 3855 ad
408 3813 455 3856 vs·
492 3793 664 3858 9522....
700 3795 731 3856 οὐ
764 3792 824 3870 aaa
861 3792 950 3855 καλὸν
986 3790 1019 3867 ἐξ
1055 3790 1117 3855 ἴσον
1141 3790 1206 3861 τοὺς
1231 3790 1346 3863 δούλους
1369 3798 1429 3861 τοῖς
1454 3791 1612 3863 δεσπόταις

330 3926 584 4008 παρρησιάζεσθαι.

377 4063 481 4131 Schol.
505 4064 586 4129 Rae.
611 4062 655 4127 ad
676 4083 719 4128 οε.
744 4062 821 4127 961.
856 4064 906 4126 οὐκ
930 4059 1148 4136 ἐκομπολάκουν
1172 4076 1256 4126 aaa:
1282 4063 1384 4147 (οὗ)
1407 4060 1459 4133 την
1475 4060 1611 4141 Φρόνησιν

330 4202 426 4265 αὐτῶν
448 4199 615 4281 ἀφειλόμην
638 4198 666 4265 *.

377 4334 498 4400 Hiatus
534 4335 663 4421 signum
698 4331 826 4399 addidit
849 4330 972 4415 Ruth.,
1005 4330 1165 4395 scholium
1188 4354 1207 4396 a
1230 4352 1277 4398 vs.
1302 4330 1508 4419 insequenti,
1532 4332 1611 4397 lem·

330 4474 419 4535 mate
442 4468 631 4553 ἐξέπληττον,
655 4468 719 4534 huc
744 4467 919 4555 trajiciens.
956 4465 1052 4541 Quod
1076 4473 1305 4553 argumentum
1329 4466 1371 4532 ad
1397 4467 1481 4533 hanc
1505 4471 1611 4532 muta·

336 4702 581 4714 -ι--ι--ωιι

361 4871 390 4937 i)
408 4874 520 4924 licernes
536 4874 580 4925 il.
607 4889 631 4938 p.
649 4870 698 4923 189
724 4871 756 4921 de
782 4873 831 4922 hcc
849 4871 948 4922 scholia
965 4876 1071 4921 censet:
1099 4870 1161 4933 „das
1180 4883 1207 4919 es
1225 4868 1285 4919 eine
1303 4866 1453 4931 Erklirung
1471 4881 1520 4916 von
1539 4862 1613 4920 οὐδὲν,

328 4956 407 5023 sirm
426 4983 489 5032 war,
506 4968 548 5019 die
565 4968 699 5019 durchaus
716 4967 895 5033 sinngemr'isst

363 5060 391 5127 2)
408 5063 447 5113 De
464 5054 535 5127 κᾷτα
552 5062 584 5113 ct.
603 5075 653 5112 uss.
670 5058 728 5125 203,
745 5058 803 5124 6475
821 5059 882 5110 Pac.
900 5072 936 5109 vs.
952 5056 1009 5108 369.

1493 5145 1510 5195 5
