4234 6059
506 939 671 1022 ομώουμοο,
706 934 760 1002 vel
793 931 990 1002 servandum
1013 933 1102 1023 quod
1126 933 1287 1002 exhibent
1309 935 1394 1002 Van.
1419 939 1453 1001 et
1476 933 1553 1004 alr.
1579 935 1764 1014 ὁμωνύμως
1782 938 1823 1022 ¹).

507 1071 675 1142 Eritasohe
698 1069 892 1138 scholiastae
915 1073 1145 1158 argumentum
1161 1068 1206 1136 sio
1223 1073 1350 1136 tantum
1366 1070 1497 1160 probari
1513 1092 1609 1160 posse
1625 1071 1824 1161 perhibet,

507 1211 536 1276 si
570 1229 656 1275 mors
689 1205 856 1296 Euripidis
891 1205 1023 1292 majoris
1056 1204 1093 1271 iu
1127 1204 1312 1272 didascaliis
1346 1203 1469 1273 diserte
1499 1205 1645 1273 indicata
1671 1208 1822 1294 fuerit,

506 1346 618 1433 itaque
642 1349 716 1433 post
739 1345 768 1409 ts
790 1341 876 1409 ἄττεο
898 1341 1031 1410 inserit:
1055 1342 1085 1405 ἐν
1108 1341 1148 1423 τῷ
1172 1341 1294 1425 προτέρῳ
1310 1339 1378 1409 tras.
1404 1340 1498 1419 Quod
1515 1363 1648 1431 prorsus
1663 1344 1821 1431 rejicio.

507 1482 575 1549 Fac
606 1501 692 1547 anno
724 1482 789 1546 406
813 1477 915 1566 (quod
938 1475 1107 1543 Eritssche
1131 1476 1271 1565 probare
1294 1476 1439 1564 ridetur)
1463 1478 1631 1566 Dionysiis
1654 1479 1822 1546 urbanis

507 1619 530 1685 i.
554 1639 583 1684 e.
607 1637 720 1684 mense
742 1614 862 1682 Martio
886 1617 1030 1681 exeunte
1055 1612 1107 1681 vel
1130 1612 1237 1702 Aprili
1253 1612 1390 1681 ineunte
1407 1612 1510 1680 filium
1527 1612 1586 1680 has
1604 1614 1819 1702 tragoedias

509 1753 657 1820 docuisse
682 1756 780 1839 atque
803 1750 839 1815 in
862 1748 1047 1815 didascaliis
1072 1753 1199 1815 tantum
1223 1747 1341 1835 luisse,
1365 1753 1441 1838 post
1466 1748 1632 1838 Euripidis
1656 1749 1816 1837 majoris

508 1888 636 1954 obitum
657 1887 692 1953 id
716 1886 839 1954 iactum
861 1904 951 1969 esse,
983 1883 1097 1973 quidni
1121 1883 1299 1950 scholiasta
1322 1889 1450 1970 noster,
1482 1885 1585 1974 ipsius
1609 1907 1673 1973 quo
1698 1890 1815 1952 actae

509 2027 587 2090 sunt
602 2022 680 2091 anui
695 2043 834 2110 gnum,
858 2021 921 2088 hoc
939 2023 1133 2108 argumento
1149 2018 1199 2086 uti
1214 2019 1342 2108 potuit,
1366 2024 1403 2085 ut
1414 2021 1491 2107 jure
1507 2040 1594 2088 nunc
1612 2021 1813 2089 Herculem

508 2157 699 2248 Euripidem
715 2162 879 2224 mortuum
896 2176 1084 2243 nuncupere
1102 2154 1367 2223 demonstraret?
1391 2156 1451 2224 sin
1466 2178 1544 2224 vero
1561 2178 1625 2244 quo
1643 2163 1810 2248 tempore

507 2297 571 2362 hae
605 2293 793 2382 tragoediae
828 2292 863 2358 in
899 2312 1031 2358 scenam
1067 2291 1332 2378 producebantur
1367 2294 1562 2383 plusquam
1586 2315 1692 2360 annus
1716 2301 1808 2384 post

507 2428 674 2518 Euripidis
709 2429 835 2494 obitum
869 2427 1087 2517 praeterierat
1118 2428 1299 2515 Ranaeque
1322 2427 1424 2516 igitur
1446 2429 1537 2517 prius
1561 2433 1654 2496 actae
1678 2435 1806 2515 erant,

508 2585 668 2631 annorum
703 2584 858 2630 numerus
894 2563 1015 2630 diserte
1048 2561 1245 2631 indicandus
1282 2565 1398 2633 luerat.
1447 2564 1519 2641 Quo
1554 2565 1682 2631 facilius
1706 2587 1802 2655 quae

510 2699 608 2766 velim
641 2700 862 2786 intellegatur,
897 2699 1050 2788 exemplo
1084 2703 1170 2768 utar.
1215 2699 1282 2766 Eae
1317 2699 1523 2790 Iphigeniam
1556 2722 1643 2767 anno
1667 2703 1733 2768 404
1758 2702 1803 2768 in

509 2857 642 2903 scenam
675 2835 868 2924 productam
903 2856 974 2902 esse
990 2837 1034 2921 ²),
1070 2833 1295 2902 additamento
1330 2836 1376 2904 sic
1408 2858 1490 2925 opus
1513 2842 1618 2904 esset:
1655 2840 1684 2902 ἕν
1707 2839 1800 2919 τρίτῳ

510 2974 578 3038 ἔτει.
613 2971 679 3039 Sed
703 2993 775 3038 cum
801 2970 841 3038 de
867 2976 1012 3060 tempore
1035 2971 1119 3038 nihil
1142 2976 1281 3057 constet,
1306 2993 1358 3038 res
1383 2971 1555 3058 dijudicari
1580 2993 1646 3040 non
1670 2977 1796 3062 potest.

510 3109 549 3176 ol.
574 3108 762 3175 Zirndorlsr
786 3108 827 3175 de
850 3108 1063 3196 chronologia
1086 3108 1270 3175 fabularum
1293 3108 1370 3177 Eur.
1394 3083 1433 3198 p.'
1452 3112 1494 3176 88
1519 3130 1589 3196 sqq.

555 3243 661 3312 Schol.
684 3245 728 3310 ad
749 3265 794 3310 vs.
818 3247 862 3310 73
885 3244 943 3330 (ib.
968 3245 1025 3329 51)
1048 3243 1081 3308 τί
1101 3243 1143 3330 δ’;
1167 3248 1217 3311 οὐκ
1232 3243 1351 3329 ’[οφῶοε
1377 3245 1433 3319 οἷὸς
1450 3244 1633 3328 Σοφοκλέους
1650 3247 1663 3312 d
1680 3243 1794 3330 Ἰοφῶν.

511 3379 673 3455 ἠγωνίσατο
707 3378 737 3442 δὲ
771 3377 819 3441 sai
855 3379 966 3452 ἐνίκησε
1000 3384 1144 3460 λοοροτρῶς
1180 3380 1222 3445 ἔτι
1256 3379 1358 3462 ζῶντος
1393 3385 1444 3446 τοῦ
1481 3381 1593 3461 carpis
1628 3381 1729 3448 αὐτοῦ.
1753 3379 1796 3445 διὸ

511 3511 706 3595 ἀμφιβάλλει
727 3513 843 3591 μήποτε
865 3518 916 3579 τοῦ
940 3514 1123 3596 Σοφοκλέους
1146 3514 1188 3591 εἴη
1211 3515 1324 3596 εἰρηκὼς
1346 3515 1519 3597 sisyphius.

553 3648 679 3715 Ultima
713 3669 811 3715 sensu
845 3649 891 3716 sic
925 3654 1048 3718 carent.
1095 3649 1266 3717 Vertsnda
1301 3651 1388 3717 enim
1421 3656 1550 3718 esseut:
1589 3650 1795 3738 Quapropter

509 3788 692 3874 suspicatur
733 3806 802 3853 eum
828 3785 992 3873 Sophoclis
1017 3787 1205 3873 trepoedism
1228 3787 1392 3856 indicasse.
1441 3787 1503 3864 Qui
1527 3809 1606 3877 vero
1629 3785 1792 3853 Hercules

510 3924 702 4011 quaestione
729 3943 789 3989 sua
811 3923 1030 4010 suspicionem
1053 3923 1197 4009 aliquam
1220 3923 1389 4007 enuntiet,
1414 3922 1596 4012 Dionysum
1621 3922 1793 4012 Sophoclis

510 4064 615 4125 artem
639 4063 715 4124 ante
740 4058 850 4126 oeulos
873 4058 1045 4145 habuisse,
1071 4058 1223 4145 equidem
1251 4080 1318 4125 uon
1342 4059 1515 4146 perspicio.
1562 4059 1613 4126 De
1630 4059 1791 4147 Sophocle

511 4193 599 4260 enim
621 4194 722 4260 verba
744 4194 911 4282 Dionysus
934 4216 1001 4263 non
1024 4194 1112 4263 feeit.
1144 4194 1311 4262 Scholium
1335 4194 1549 4283 depravatum
1573 4215 1645 4261 esse
1671 4198 1791 4283 putans

543 4552 571 4615 l)
589 4551 633 4604 Sic
650 4552 731 4601 etiam
748 4549 818 4602 Wsil
838 4550 865 4601 in
884 4549 1038 4616 Iphigeniae
1055 4551 1115 4601 Aul.
1133 4551 1256 4602 editione.

543 4646 571 4712 2)
589 4645 700 4697 Dindorf
719 4645 922 4710 (adnotationes
946 4646 979 4695 ad
1002 4645 1065 4696 Eur.
1083 4647 1094 4696 Ι
1113 4661 1137 4710 p.
1156 4644 1217 4710 446)
1235 4660 1305 4695 anno
1324 4643 1373 4696 405
1391 4647 1416 4696 id
1434 4646 1534 4696 iactum
1552 4659 1609 4696 esse
1627 4645 1791 4710 suspicatur,

510 4740 590 4791 simul
616 4746 706 4791 tamen
737 4739 835 4790 addens
861 4739 927 4791 haec
951 4743 1026 4790 extra
1049 4739 1243 4790 dubitationem
1259 4754 1317 4791 esse
1334 4754 1362 4791 se
1381 4740 1491 4790 minime
1508 4740 1675 4790 contendere.
1710 4736 1793 4802 Cujus

510 4834 627 4899 opinioni
645 4832 776 4885 scholium
794 4837 929 4897 nostrum,
947 4832 1015 4883 nihil
1033 4833 1145 4895 inserto,
1163 4847 1217 4884 non
1235 4834 1314 4885 iavet.
1332 4832 1376 4884 Sic
1394 4834 1466 4885 euim
1484 4833 1627 4885 scholiasta
1644 4833 1694 4884 hoc
1712 4847 1792 4899 argu·

513 4933 603 4978 mento
629 4928 669 4978 uti
692 4927 861 4992 nequiverat,
888 4927 951 4992 quia
972 4926 1105 4992 Euripidis
1123 4941 1194 4978 mors
1212 4928 1283 4978 iuter
1300 4927 1417 4992 Lenaea,
1448 4942 1510 4978 cum
1527 4927 1618 4978 Ranae
1636 4931 1710 4979 actae
1727 4930 1792 4978 suut

512 5022 616 5086 (mense
634 5022 704 5087 lau.)
722 5026 748 5071 et
766 5021 889 5089 Dionysia
907 5021 1023 5072 incidere
1041 5026 1174 5086 potuerat.
1266 5015 1273 5026 '
