4234 6059
955 742 998 831 et

334 993 371 1054 ut
394 986 597 1053 familiariter
620 987 688 1053 fere
712 1009 799 1053 nunc
824 1009 862 1054 co
887 995 1008 1057 utatur.
1047 994 1115 1070 νῷν
1138 992 1184 1057 sic
1208 999 1295 1059 esset
1319 994 1449 1060 dativus
1473 994 1615 1079 ethicum

334 1124 390 1210 qui
413 1128 564 1207 vocatur;
588 1122 630 1188 ad
654 1126 783 1200 ποίνοιν,
809 1146 856 1189 vs.
884 1127 986 1203 1366,
1012 1133 1122 1211 autem
1147 1128 1410 1196 subaudiendum
1434 1132 1497 1197 erit
1513 1136 1614 1200 αὐτοῦ.
1719 1145 1722 1153 “

333 1294 376 1307 -
393 1257 596 1324 Scholiastao
621 1259 768 1346 opinioni
790 1266 961 1346 praeterea
984 1261 1224 1347 quodammodo
1249 1267 1358 1331 obstat
1380 1266 1496 1331 vocula
1520 1268 1616 1352 νοίο,

333 1394 376 1459 ab
412 1393 592 1460 editoribus
631 1395 800 1481 neglecta,
835 1418 919 1481 quae
951 1397 1108 1484 explicari
1137 1399 1235 1465 etiam
1261 1400 1307 1466 sic
1329 1401 1467 1467 fortasse
1490 1408 1615 1489 potest,

333 1528 437 1595 multo
471 1533 582 1595 autem
617 1530 733 1595 melius
768 1552 802 1597 se
837 1531 938 1598 babet
973 1534 999 1597 si
1030 1533 1111 1599 baec
1144 1540 1221 1599 sunt
1253 1536 1353 1601 verba
1384 1536 1534 1623 ejusdem
1558 1539 1616 1624 qui

334 1663 434 1729 dixit:
459 1665 629 1730 παύσασθον
652 1665 703 1741 ἤδη
729 1672 782 1731 τῶν
807 1674 915 1744 μελῶν.
945 1706 982 1715 -

327 1840 330 1844 ,
378 1799 532 1865 Ceterum
575 1799 616 1865 de
658 1806 747 1866 recta
789 1822 1002 1888 personarum
1045 1802 1277 1870 distributione
1318 1806 1397 1871 satis
1433 1807 1512 1871 mibi
1546 1829 1613 1872 non

333 1939 479 2020 constat,
512 1942 651 2022 utraque
675 1937 829 2023 opinione
853 1939 1020 2004 molestias
1044 1962 1119 2004 suas
1143 1941 1333 2028 praebente.
1380 1942 1528 2029 Dionyso
1552 1942 1612 2007 bos

331 2091 395 2135 rss.
421 2070 613 2136 tribuendos
636 2092 708 2137 esse
732 2074 942 2139 censentibus
966 2075 1118 2141 assentiri
1142 2076 1237 2141 valde
1259 2081 1367 2141 tamen
1385 2076 1464 2141 mihi
1481 2078 1613 2161 arridet,

336 2207 412 2292 quia
446 2208 492 2272 sic
528 2212 656 2272 tantum
689 2208 781 2273 locus
810 2230 959 2296 pugnare
984 2231 1050 2275 non
1074 2208 1239 2275 videbitur
1263 2232 1336 2275 cum
1361 2216 1431 2276 tota
1453 2232 1614 2299 personae

335 2341 491 2427 Aeschyli
515 2341 625 2408 indole
650 2349 767 2430 atque,
793 2344 820 2407 si
843 2345 1150 2431 interpretationem
1174 2366 1281 2410 meam
1305 2367 1370 2410 non
1388 2346 1517 2433 probas,
1535 2345 1615 2411 leni·

331 2475 393 2541 bus
419 2478 674 2543 correctionibus
699 2477 925 2563 difficultates,
950 2479 991 2544 ab
1015 2479 1252 2566 interpretibus
1276 2480 1414 2546 fortasse
1437 2479 1613 2566 oriundae,

333 2611 403 2677 tolli
427 2619 580 2699 possunt,
603 2613 744 2699 legendo
763 2614 830 2679 scil.
847 2618 891 2679 οὐ
902 2614 988 2685 πούς
1005 2620 1040 2679 et
1058 2618 1172 2696 σφῷν.
1187 2614 1243 2680 Vs.
1260 2618 1344 2680 1365
1358 2614 1399 2680 ad
1414 2620 1615 2701 spectatores

332 2748 378 2811 sic
402 2746 530 2832 dicitur,
554 2770 601 2813 rs.
623 2770 670 2834 sq.
691 2747 732 2813 ad
756 2755 882 2835 poetas,
905 2755 941 2813 ut
961 2750 1090 2836 saepius
1110 2771 1173 2815 vss.
1193 2748 1227 2814 in
1242 2750 1360 2813 fabulis
1374 2749 1565 2815 dividuntur
1578 2750 1612 2836 ¹).

378 2882 441 2966 At,
480 2882 602 2947 dixerit
641 2883 775 2970 aliquis,
815 2905 888 2948 cum
921 2884 982 2949 hac
1015 2890 1071 2950 tua
1100 2886 1333 2971 explanatione
1357 2890 1507 2971 pugnant
1531 2906 1613 2972 quae

331 3021 513 3114 sequuntur
535 3018 570 3082 in
593 3019 684 3114 chori
708 3021 853 3086 cantico:
879 3021 1057 3084 ἐπίπονοί
1079 3020 1112 3097 γ’
1130 3022 1161 3085 οί
1185 3019 1314 3095 δεξιοί.
1350 3018 1442 3095 Quae
1468 3020 1611 3105 objectio

330 3152 435 3239 prima
458 3153 566 3240 specie
582 3154 669 3220 haud
685 3156 777 3241 parvi
794 3156 951 3221 momenti
967 3156 1114 3233 videtur,
1138 3156 1329 3243 pracsertim
1346 3156 1373 3219 si
1390 3177 1464 3220 cum
1480 3155 1610 3220 Koclrio

329 3288 456 3352 ἐπίπονον
480 3294 607 3356 vertas:
631 3290 785 3355 industrii
792 3339 801 3373 ‚
826 3292 884 3376 qui
904 3312 1025 3376 semper
1045 3291 1171 3377 aliquid
1186 3293 1259 3356 νοοοί
1273 3291 1460 3376 excopitoat.
1486 3290 1612 3375 Hujus·
1769 3320 1773 3329 ·

329 3421 418 3486 modi
460 3445 538 3489 vero
573 3425 880 3512 interpretationem
912 3427 1034 3512 rejicio.
1082 3426 1251 3512 Nusquam
1284 3414 1484 3513 adjectivum
1513 3447 1611 3492 sensu

327 3558 506 3643 inperiosus
535 3560 720 3646 praeditum
753 3558 892 3647 legitur;
927 3562 1027 3627 etiam
1063 3562 1149 3628 Plat.
1184 3560 1325 3627 Phaedr.
1356 3564 1420 3627 229
1442 3561 1481 3646 d,
1514 3583 1611 3648 quem

221 3692 228 3701 '
328 3691 436 3758 locum
459 3694 600 3760 afferunt
625 3695 784 3777 editores,
811 3697 988 3782 significat:
1017 3696 1208 3779 laboriosae,
1234 3697 1422 3763 industrius.
1460 3697 1529 3761 Nec
1547 3697 1610 3761 nisi

328 3828 503 3895 artificiose
537 3850 580 3895 ex
611 3830 672 3896 hac
704 3832 838 3896 notione
871 3831 1011 3897 derivari
1043 3836 1154 3919 potest
1177 3830 1389 3915 significatio:
1421 3833 1608 3917 inpeaioeue.

327 3962 468 4031 Accedit
502 3965 588 4052 quod
623 3987 709 4031 nova
741 3965 930 4053 inquirendi
965 3967 1048 4032 ratio
1079 3966 1236 4051 Aeschyli
1269 3966 1438 4031 inventum
1472 3987 1514 4031 ne
1545 3966 1609 4031 dici

328 4097 461 4183 quidem
485 4103 604 4185 potest.
640 4100 680 4164 In
703 4121 750 4165 rs.
777 4101 839 4164 197
866 4099 954 4163 enim
977 4099 1065 4163 inter
1088 4098 1326 4176 instrumenta,
1352 4098 1471 4183 quibus
1491 4099 1524 4162 in
1542 4119 1611 4163 cer·

327 4233 450 4297 tamine
474 4195 564 4298 usuri
579 4239 666 4317 sunt,
689 4233 815 4319 janitor
830 4233 987 4298 trutinam
999 4233 1069 4318 jam
1086 4232 1283 4309 nominavit,
1308 4233 1355 4297 ita
1372 4238 1408 4297 ut
1428 4255 1447 4298 a
1462 4233 1606 4298 Plutone

328 4368 552 4454 excogitatum
587 4369 696 4455 potius
731 4369 792 4434 hcc
823 4369 984 4434 rideatur.
1020 4368 1137 4453 Neque
1169 4373 1370 4454 spectatores
1402 4369 1514 4455 fugere
1546 4370 1608 4434 hoc

326 4504 451 4589 potuit,
478 4525 551 4568 cum
574 4525 690 4570 revera
704 4505 738 4569 in
755 4525 852 4571 scena
869 4504 978 4569 omnia
993 4503 1074 4568 haec
1091 4504 1310 4569 instrumenta
1326 4503 1456 4569 affuisse
1473 4524 1607 4569 necesse

326 4722 573 4733 ———-———-

324 4872 440 4921 melreo·
462 4872 505 4921 der
528 4871 677 4937 Euripides,
694 4872 781 4922 immor
797 4874 865 4923 mehr
883 4875 946 4923 ποσίν
962 4874 1008 4922 der
1024 4872 1085 4932 acite
1102 4873 1144 4921 der
1162 4872 1299 4937 Aeschylus
1315 4870 1439 4933 ίοίπποίοί,
1458 4870 1604 4935 belbringt,

325 4964 438 5030 bringen
456 4966 504 5015 iim
522 4966 550 5015 in
568 4967 610 5016 die
627 4966 750 5017 lrlemme.

358 5055 387 5122 1)
404 5058 432 5109 Ε.
450 5073 475 5124 g.
492 5059 525 5110 ci.
544 5074 595 5111 vss.
611 5059 674 5124 571,
691 5057 755 5124 911,
773 5058 846 5125 1007,
863 5058 938 5110 1018.
