4234 6059
1005 674 1048 738 39

383 915 515 984 protana
549 893 645 980 perit.
691 892 796 959 Multo
831 892 979 959 festivior
1013 892 1104 958 locus
1139 892 1219 975 erit,
1245 893 1272 957 si
1295 915 1461 960 sumamus
1484 895 1664 962 Xanthiam

382 1029 472 1096 lente
498 1033 598 1116 atque
620 1029 744 1112 majore
769 1048 848 1093 uoce
871 1047 941 1094 roc.
966 1027 1054 1099 κύτός
1078 1028 1326 1114 pronuntiasse,
1352 1027 1472 1096 deinde
1495 1030 1663 1097 fastidiose

383 1170 482 1252 atque
505 1162 677 1250 magnifice
701 1184 736 1229 ae
754 1162 937 1249 jactantem
962 1183 1092 1229 cervum
1112 1163 1267 1249 jussisse:
1292 1164 1305 1228 ὅ
1328 1170 1400 1238 nair
1425 1164 1582 1230 decanatu.

429 1299 635 1387 Quapropter
680 1296 809 1364 Kockio
848 1297 1018 1384 astipulari
1058 1319 1100 1364 ne
1138 1303 1298 1386 puuctum
1337 1298 1469 1385 quidem
1509 1301 1663 1387 temporie

384 1434 498 1501 dubito
536 1433 725 1502 annotauti:
762 1432 849 1506 κύτδς
880 1433 972 1521 aber,
1009 1432 1068 1497 dos
1102 1440 1188 1498 sonet
1221 1433 1279 1498 der
1312 1433 1430 1500 Sittace
1463 1456 1522 1500 νον
1551 1437 1664 1502 acinam

383 1569 494 1635 Ηννννι
516 1589 559 1635 zu
577 1567 742 1640 ,brouchea
762 1568 878 1654 potam,
904 1567 1037 1633 broucht
1060 1567 1226 1633 Xanthica
1250 1545 1318 1633 hier
1340 1569 1391 1634 ola
1414 1569 1471 1635 der·
1493 1572 1664 1656 certoppte

381 1703 472 1770 Hcrr
493 1704 529 1769 ι’νν
551 1703 608 1769 der
630 1699 832 1769 koatlichetca
858 1702 1000 1768 Porodie
1022 1723 1082 1768 oon
1105 1702 1172 1768 sich
1200 1703 1293 1768 scibat
1310 1703 1346 1790 1).

426 1839 529 1908 aanor.
553 1839 597 1904 ac
617 1860 662 1906 a.
686 1838 763 1904 541.
799 1821 924 1923 (naun.
957 1858 989 1924 p.
1022 1837 1159 1923 reare)
1182 1838 1259 1903 atra
1279 1839 1308 1902 a
1330 1835 1411 1910 aaa
1437 1840 1516 1926 (scil.
1541 1841 1663 1907 nuara-

381 1975 508 2060 menec)
537 1973 587 2039 ani
618 1975 658 2038 rei
692 1973 757 2054 τρίιι
788 1973 980 2055 ψηφίσασθαι
1007 1971 1149 2054 ἐπιζήμιοι
1173 1973 1190 2048 ἢ
1214 1944 1402 2050 caracterem
1427 1976 1456 2040 ἕν
1479 1977 1519 2056 τῷ
1543 1974 1621 2057 ξύλῳ
1645 1976 1662 2052 ἢ

381 2116 456 2174 πιεῖν
478 2108 586 2174 κώνειον
610 2108 626 2184 ἢ
652 2108 804 2191 ἐκφυγεῖν.

427 2243 481 2310 Sic
513 2243 600 2331 apud
625 2241 716 2310 Suid.
741 2263 870 2330 quoque
894 2241 1032 2328 legitur3
1064 2241 1099 2307 in
1123 2241 1194 2310 cod.
1218 2243 1304 2312 Ven.
1329 2249 1392 2311 eat:
1426 2246 1661 2324 .....ἐνιψη-

380 2380 526 2461 oleatae
550 2377 596 2444 ἐπὶ
621 2377 722 2461 ζημίᾳ.
747 2375 986 2463 Oorrigendum
1010 2381 1075 2443 eut:
1183 2377 1257 2445 ,nai
1282 2379 1323 2443 cci
1347 2381 1412 2460 τρίκ
1430 2380 1660 2462 ἐπιψηφίσαι

380 2514 574 2597 ἐπιζήμιοι
609 2528 678 2580 κτλ.
724 2511 779 2578 Ad
816 2511 910 2578 litem
941 2511 1028 2577 enim
1061 2513 1266 2600 praetoribus
1303 2519 1378 2602 post
1412 2514 1539 2581 cladem
1574 2516 1661 2604 apud

382 2649 565 2746 Arginusaa
587 2648 713 2714 illatam
736 2648 818 2714 haec
840 2648 941 2714 verba
964 2652 1112 2735 spectare
1137 2670 1270 2716 necesse
1295 2655 1361 2727 eet,
1399 2651 1426 2714 ei
1451 2651 1539 2716 omni
1562 2673 1661 2717 sensu

382 2804 447 2848 nou
484 2783 653 2850 carebunt.
679 2822 721 2832 -
745 2784 842 2849 Hanc
877 2782 918 2848 de
953 2782 1112 2871 supplicio
1149 2780 1389 2850 dubitationem
1413 2784 1602 2872 Xenophon
1625 2787 1660 2851 in

379 2922 567 3006 praetorum
586 2917 704 3004 judicii
728 2919 915 2984 narratione
929 2919 956 3004 2)
980 2938 1047 2984 nou
1071 2924 1247 3003 memorat3
1276 2919 1483 2986 scholiastam
1507 2920 1660 2986 hariolari

379 3053 589 3120 manifestum
613 3053 712 3138 eatss).
827 3041 830 3046 ’

423 3185 528 3257 Schol.
555 3188 633 3254 Rae.
657 3188 701 3254 ad
721 3209 766 3257 oa.
790 3190 857 3254 543
891 3173 1168 3268 νὶνκτετρινμμὲννςῑ
1194 3188 1259 3253 ἀντὶ
1284 3195 1335 3254 τοῦ
1359 3188 1377 3227 *
1399 3190 1598 3267 ἀνακείμενος.

423 3324 578 3390 Lacunae
612 3323 741 3410 rignum
777 3323 882 3411 poeni.
918 3323 1022 3390 Ruth.
1059 3323 1175 3390 vertit:
1212 3324 1384 3410 reclintnp;
1419 3328 1565 3390 attamen
1597 3325 1659 3390 hoc

378 3459 513 3525 verbnm
550 3480 709 3547 nusquam
743 3458 831 3526 idem
866 3459 954 3546 quod
988 3459 1137 3525 recubare
1170 3459 1260 3524 ualet
1295 3458 1381 3546 quod
1405 3480 1522 3546 graece
1546 3459 1655 3525 audit:

377 3595 641 3662 νένιικλίνεσδιιι.
675 3593 717 3660 In
751 3593 895 3660 Bekkeri
931 3593 1058 3661 Anecd.
1095 3617 1128 3681 p.
1153 3596 1252 3661 2623
1277 3595 1431 3680 legimus:
1468 3597 1657 3659 κ’νκκεῖσννιιι

376 3729 409 3794 τὸ
439 3731 647 3809 coronarint,
680 3750 820 3817 cumque
851 3750 891 3794 eo
924 3729 1090 3795 consentit
1121 3728 1245 3796 Athen.
1270 3728 1297 3793 I.
1323 3731 1385 3813 42,
1409 3729 1465 3815 qui
1488 3731 1658 3794 ἀννικεῖσθκι

376 3865 505 3952 proprie
529 3865 661 3952 quidem
684 3865 719 3931 in
742 3887 803 3930 usu
827 3886 899 3931 esse
917 3864 996 3930 dicit
1014 3865 1054 3931 de
1073 3865 1190 3930 statuis
1206 3865 1407 3949 (collocatum
1423 3865 1511 3950 cese),
1529 3865 1658 3952 saepius

376 4006 486 4066 tamen
511 3999 625 4067 eadem
647 4001 781 4067 notione
798 4001 933 4088 reperiri
949 4022 1014 4086 qua
1036 4002 1326 4066 κννκκεῖσθκιε
1351 3997 1537 4064 accumbere.
1562 3999 1659 4064 Hanc

375 4136 544 4202 notionem
586 4156 684 4224 quam
726 4136 848 4222 Phryn.
893 4135 980 4224 apud
1024 4135 1107 4201 Lab.
1151 4156 1183 4222 p.
1221 4137 1283 4199 261
1328 4133 1450 4219 rejicit,
1495 4133 1656 4222 scribens:

375 4271 528 4337 νὶνιέκιιτκι
559 4271 588 4335 δὲ
618 4271 666 4336 ἐπὶ
691 4280 743 4347 τῆς
773 4271 872 4348 κλίνης
902 4272 1009 4356 οὐκέτι,
1032 4270 1117 4335 cinti
1139 4277 1235 4334 κεΐτνιι
1262 4270 1337 4356 (leg.
1362 4272 1572 4357 κκτιικεῖτνιι),
1604 4269 1656 4334 hio

377 4513 621 4525 ——n——-—

407 4678 435 4743 1)
453 4679 485 4730 cf.
502 4679 568 4731 Poll.
586 4679 633 4730 111.
651 4677 692 4732 74.

407 4771 435 4837 2)
454 4772 521 4824 Heli.
539 4773 559 4824 I.
578 4771 601 4824 7.

406 4864 435 4929 3)
453 4865 491 4916 De
508 4865 686 4917 accusationis
702 4881 808 4933 genere,
828 4868 897 4932 quod
917 4866 1080 4930 εἶσκγγελικ
1098 4867 1194 4918 dicitnr
1213 4867 1245 4918 ci.
1264 4866 1364 4917 Gilbert
1382 4867 1400 4919 l.
1416 4866 1433 4918 l.
1453 4866 1476 4914 1²
1496 4881 1519 4928 p.
1539 4862 1589 4914 304
1610 4877 1650 4927 sq.

376 4959 517 5012 Thalheim
536 4959 646 5011 Hermes
663 4959 695 5012 37
713 4975 737 5027 p.
754 4958 804 5011 339
822 4975 879 5026 sqq.
