4234 6059
965 691 1007 753 23

387 913 525 979 Praeter
548 899 779 978 necessitatem
794 912 828 977 in
844 912 998 980 lemmate
1014 913 1117 980 Ruth.
1135 913 1265 1002 scripsit
1287 913 1459 998 φιίρννξ.
1489 915 1623 1003 Septem
1718 926 1721 932 '

343 1049 432 1115 enim
465 1048 545 1114 loeis
578 1047 665 1136 opud
701 1014 842 1115 oemioos
876 1047 1005 1131 φάρυξ
1038 1049 1216 1116 invenitur.
1250 1050 1290 1117 of.
1313 1050 1466 1117 Meinelre
1490 1051 1621 1138 Fragm.

343 1184 434 1252 Oom.
466 1205 541 1250 oum
570 1183 679 1251 indioe
710 1184 845 1269 lucebi,
876 1185 943 1250 ubi*
958 1183 1032 1251 vide
1057 1206 1082 1252 s.
1107 1207 1139 1253 v.
1163 1224 1205 1236 -
1229 1187 1375 1253 Transeo
1399 1186 1440 1253 ad
1464 1187 1623 1253 scholium
1687 1156 1690 1162 Ι

340 1321 481 1408 permire
503 1320 774 1387 consarcinatum.

388 1454 492 1523 Schol.
515 1453 596 1523 Bal).
620 1455 663 1520 ad
685 1476 729 1521 vs.
752 1453 830 1521 268.
865 1453 991 1534 ἔμελλον
1013 1453 1072 1537 ἄρα
1096 1470 1181 1523 κείω
1205 1454 1252 1520 δεῖ
1272 1462 1341 1520 νοεῖν
1364 1458 1401 1528 ὥς
1425 1457 1449 1521 οἱ
1469 1457 1621 1538 βάτραχοι

228 1657 231 1663 ,
343 1591 397 1658 ὑπὸ
420 1591 620 1676 σκιρνὴνείσι,
644 1591 716 1655 otra'
739 1593 788 1656 οὐκ
812 1593 843 1657 ἐν
866 1593 907 1672 τῷ
929 1593 1055 1673 φανερῷ.
1081 1595 1098 1668 ἡ
1120 1591 1217 1668 μέντοι
1241 1593 1323 1675 Φωνὴ
1339 1593 1434 1656 αὐτῶν
1451 1590 1622 1667 ἐξακούεται

341 1727 436 1810 ὥσπερ
459 1726 508 1793 καὶ
524 1728 606 1793 αὐτοὶ
623 1727 704 1793 κατὰ
720 1727 772 1802 τὴν
791 1727 896 1805 λίμνην
913 1730 1042 1808 ἦχοῦσιν.
1060 1727 1123 1792 ἐπεὶ
1139 1723 1184 1793 οὖν
1201 1727 1403 1793 διαλελοίπασι
1422 1727 1621 1812 (βοῶντες)

341 1865 390 1930 καί
425 1863 510 1947 χορὸς
545 1863 676 1943 ἐγεγόνει
712 1863 760 1928 διὰ
795 1870 880 1930 τοῦτο
916 1862 1003 1941 λόγον
1038 1864 1145 1929 ἐποίσει
1181 1865 1194 1929 ὁ
1225 1862 1360 1937 Διόννσος
1397 1863 1541 1946 „institor
1565 1863 1622 1946 ripa
1688 1827 1690 1834 Α

343 2002 421 2079 ὑμᾶς
444 1996 601 2067 παύσειν.”

387 2136 478 2212 Quae
513 2136 540 2201 si
574 2139 664 2202 reete
699 2156 734 2202 se
768 2135 911 2221 habent,
947 2135 1190 2224 expectaveris:
1226 2134 1429 2213 γεγόνασι.
1474 2134 1622 2203 Verbum

342 2272 515 2358 διαλείπειν,
550 2271 769 2355 desinere,
805 2293 942 2359 semper,
978 2270 1065 2358 quod
1101 2270 1216 2356 seiam,
1254 2292 1328 2337 oum
1351 2271 1522 2360 participio
1547 2293 1623 2358 oon-

337 2409 504 2496 J'ungitur,
529 2430 592 2497 qua
616 2407 657 2474 de
681 2430 779 2476 eausa
797 2408 921 2475 inserui
936 2408 1115 2485 βοῶντες.
1136 2445 1175 2457 -
1193 2405 1309 2473 Priora
1325 2427 1427 2494 usque
1445 2405 1485 2473 ad
1502 2410 1622 2487 ἠχοῦσιν

342 2543 420 2631 quid
436 2542 489 2609 hio
505 2542 566 2609 sibi
582 2543 702 2629 uelint,
727 2544 824 2631 plene
842 2565 893 2610 me
909 2542 1002 2630 fugit.
1029 2541 1114 2619 Quid
1133 2564 1249 2610 causae
1267 2547 1370 2609 estut
1387 2564 1474 2608 nuno
1488 2542 1621 2609 tandem

342 2685 518 2748 annotator
552 2679 613 2745 sub
645 2700 744 2746 soona
777 2700 873 2745 ranas
905 2679 1036 2745 latitare
1059 2700 1120 2745 nos
1146 2679 1321 2745 admoneat
1345 2684 1379 2746 et
1402 2678 1480 2767 quid
1503 2679 1556 2744 hio
1580 2679 1622 2745 ad

342 2817 434 2882 rem?
479 2815 582 2882 Nihili
608 2837 740 2904 prorsus
763 2816 825 2882 hoo
848 2816 921 2881 looo
944 2815 1026 2881 haee
1050 2820 1135 2882 sunt.
1184 2814 1237 2881 Ad
1262 2836 1308 2881 vs.
1334 2817 1416 2900 210,
1443 2814 1499 2880 ubi
1523 2835 1623 2881 ranae

254 3018 256 3021 .
342 2955 474 3018 eantare
513 2950 692 3039 incipiunt,
732 2940 813 3018 hee'o
852 2950 1097 3038 transponenda
1136 2972 1207 3016 esse
1246 2950 1402 3037 suspicor.
1441 2987 1486 2998 -
1520 2947 1622 3018 Ruth.

342 3087 515 3175 sequentia
541 3087 641 3153 etiam
669 3087 799 3153 silentio
826 3087 1017 3175 praeteriise
1045 3086 1153 3155 miror.
1200 3087 1293 3152 Haeo
1318 3089 1410 3151 sunt:
1435 3089 1576 3149 σιωπῶσιν
1599 3086 1623 3150 σί

339 3223 491 3304 βάτραχοι
522 3224 571 3288 καί
603 3220 695 3302 ἕτερος
724 3222 809 3304 χορὸς
837 3221 1081 3308 εἷσέρχεται,’ὠς
1106 3221 1292 3300 προείπομεν,
1318 3222 1331 3286 ὁ
1354 3227 1410 3285 τῶν
1433 3225 1569 3302 μυστῶν,
1593 3217 1622 3292 ὅς

340 3363 417 3426 ἐστιν
447 3362 622 3440 σίνσρκπῒοι.
670 3357 749 3425 uod.
781 3357 866 3426 Ven.
891 3357 972 3424 haeo
995 3357 1097 3424 habet
1120 3358 1160 3424 ad
1185 3357 1232 3424 vsss
1258 3357 1334 3442 25⁷,
1358 3356 1544 3444 iterumque
1567 3355 1621 3421 hio

340 3495 484 3562 exhibet·
512 3500 596 3561 testo
630 3493 812 3563 Dindorfio.
860 3495 926 3561 Sed
956 3495 1010 3560 hio
1043 3515 1171 3581 quoque
1196 3515 1263 3559 non
1287 3513 1345 3558 suo
1368 3493 1440 3558 looo
1465 3489 1623 3559 oollooeta

340 3637 432 3718 sunt;
467 3631 585 3698 ohorus
619 3631 707 3698 enim
726 3631 819 3696 'ants
854 3651 901 3698 vs.
936 3632 1000 3696 352
1033 3651 1100 3696 non
1123 3629 1238 3696 introit
1261 3630 1372 3716 itaque
1396 3627 1437 3694 ad
1461 3629 1548 3693 huno
1573 3648 1620 3693 vs.

339 3767 508 3836 annotatio
531 3766 668 3835 fortasse
691 3767 845 3854 pertinet.
891 3767 983 3833 Bene
1007 3766 1107 3832 etiam
1132 3767 1177 3832 sio
1195 3770 1322 3831 tantum
1339 3763 1501 3852 quadrant
1517 3761 1619 3830 verba

338 3906 382 3976 ιῖις
417 3904 674 3988 aparinesseo,
710 3924 794 3990 quae
818 3903 860 3968 ad
884 3901 984 3970 sohel.
1009 3901 1051 3970 ad
1075 3924 1122 3970 vs.
1148 3906 1213 3969 316
1237 3906 1403 3990 spectant,
1428 3900 1490 3966 nisi
1515 3898 1618 3968 fallor.

338 4041 508 4128 Nusquam
544 4039 649 4105 adhue
684 4039 719 4104 in
747 4039 879 4104 scholiis
903 4039 974 4107 eod.
1000 4040 1084 4106 Rav.
1110 4038 1151 4105 de
1175 4038 1274 4104 ohoro
1298 4037 1398 4104 verba
1421 4037 1508 4102 laeta
1532 4041 1619 4102 sunt.

339 4213 380 4226 —
406 4174 460 4242 Ad
484 4197 531 4244 rs.
557 4179 704 4240 nostrum
718 4174 828 4261 ¹igitur
847 4176 928 4241 haee
945 4169 1079 4241 tantum
1090 4174 1233 4240 retineo:
1258 4173 1440 4238 exenterati
1458 4173 1619 4254 βιίτρσιχσι.

338 4310 400 4378 ἐπεὶ
424 4307 470 4377 οὖν
495 4349 536 4360 -
560 4311 702 4390 ταύσειν;
738 4310 780 4377 ad
804 4333 850 4380 vs.
876 4314 940 4377 210
966 4311 1089 4378 refero:
1118 4311 1163 4376 δεῖ
1183 4316 1253 4376 νοεῖν
1278 4345 1318 4358 -
1343 4313 1474 4395 ἦχοῦσιν,
1499 4307 1619 4376 deinde

337 4446 380 4515 ad
403 4469 450 4514 vs.
476 4450 557 4513 352:
582 4446 674 4546 ἕτερος
697 4449 782 4530 χωρίς
808 4487 849 4497 -
874 4451 1051 4526 ἀναγκαῖος.
1110 4437 1113 4444 ’

388 4583 506 4650 Versus
527 4587 595 4650 265
618 4605 703 4651 nova
728 4583 957 4672 interpretatio
981 4583 1087 4650 obiter
1111 4583 1257 4650 notanda
1280 4587 1340 4650 ost.
1375 4581 1519 4668 Blaydes
1535 4585 1568 4646 et
1584 4602 1617 4646 v.

336 4721 503 4788 Leeuwen
526 4718 714 4788 ediderunt:
738 4719 915 4802 κεκριίξομιιι
939 4720 998 4803 aa
1018 4718 1025 4808 Ι
1045 4721 1097 4797 κῆν
1117 4719 1163 4804 δέρ
1182 4719 1351 4804 δι’ἡμέρως,
1369 4719 1617 4811 exconjectura

247 4897 250 4904 -
336 4855 471 4956 Oobeti3
496 4856 682 4941 Fritzsohe,
704 4856 802 4923 Kook
824 4856 991 4944 vulgatam
1015 4855 1069 4921 κίον
1093 4882 1131 4933 με
1152 4856 1216 4941 etp,
1240 4876 1298 4943 per
1322 4853 1484 4943 syuinesin
1505 4853 1617 4940 logen-

337 4991 430 5081 dum,
454 4996 606 5080 tuentur3
630 4991 775 5058 Diudorf
792 4993 892 5059 libros
916 4993 957 5061 R.
983 4997 1017 5058 et
1040 4991 1081 5064 V.
1107 4997 1238 5060 secutus
1262 4989 1419 5058 servavit:
1446 4987 1500 5053 κίεν
1515 5014 1555 5065 με
1571 4989 1615 5070 δῇ.
