4234 6059
945 694 1003 802 '53

337 961 451 1043 σκόλοψ
468 961 505 1047 ¹).
541 960 757 1028 Peouliariter
781 964 892 1026 eutem
908 958 958 1025 'de
983 959 1107 1025 calamo
1128 958 1247 1025 dieitur
1265 964 1348 1026 teste
1365 960 1491 1027 Gaiano
1508 960 1614 1031 Gloss.

337 1096 495 1185 Hippoer.
519 1097 723 1177 σχινδυλόσειι
747 1097 886 1175 σχιίμαπι
903 1096 935 1178 (σ
943 1093 988 1175 χί
994 1119 1119 1172 σμασι
1143 1094 1256 1180 Thes.)
1273 1097 1421 1173 καλάμου.
1460 1098 1623 1166 Cohaeret

337 1238 525 1321 praeterea,
560 1231 624 1295 nisi
655 1229 760 1323 fallor,
794 1252 867 1295 cum
902 1231 1004 1297 verbo
1028 1230 1149 1311 σχίζειν.
1174 1231 1213 1299 of.
1239 1230 1512 1299 said-soindere.
1549 1233 1621 1309 Qua
1677 1284 1679 1288 -

337 1374 471 1457 propter
494 1372 529 1433 et
551 1364 605 1431 hio
629 1371 673 1458 et=
685 1366 721 1430 in
744 1364 845 1432 sobol.
863 1365 904 1431 ad
920 1365 951 1431 N
954 1366 1008 1432 ub.
1026 1388 1073 1433 ve.
1094 1365 1438 1453 1301egendumesse
1455 1369 1617 1456 suspicor:

337 1503 497 1586 σχίσμα,
519 1502 665 1589 itemque
688 1499 774 1589 apud
794 1499 903 1567 Suid.:
929 1503 970 1566 τά
985 1504 1040 1566 τῶν
1056 1502 1201 1578 καλάμων
1217 1503 1517 1583 άποσχίσμορποι
1535 1505 1620 1591 (pror

336 1637 554 1722 άποξιίσμαπα)
579 1637 595 1712 ἢ
619 1637 773 1706 σκόλοπες.
798 1674 839 1686 -·
858 1636 945 1712 Quid
969 1657 1046 1703 vero
1071 1637 1172 1703 verba
1187 1637 1250 1715 περί
1267 1638 1315 1703 τόν
1331 1638 1433 1719 φλοιόν
1450 1638 1503 1705 hio
1521 1640 1621 1726 signi·

337 1773 459 1839 fleant?
494 1773 565 1838 Nisi
588 1772 746 1858 longioris
769 1772 994 1837 annotationis
1016 1772 1148 1840 residua
1170 1773 1252 1839 haee
1276 1793 1347 1840 esse
1365 1778 1510 1840 statuere
1527 1796 1621 1862 prae·

338 1914 421 1994 stat,
456 1908 619 1995 conjicere
654 1906 748 1973 lubet
779 1906 1019 1974 restituendum
1051 1928 1143 1976 esse:
1174 1908 1350 1987 σκινδαλρυὸι
1374 1910 1472 1989 κυρίως
1498 1912 1537 1976 τὸ
1561 1935 1621 1975 πε-

337 2045 467 2122 ριττόν
499 2043 655 2125 φλοιὸν,
691 2042 793 2114 <σίι>
827 2048 878 2107 ποῦ
913 2043 1053 2119 καλάμου
1088 2042 1220 2123 σχίσμα.
1245 2044 1466 2111 -Fortasse
1501 2066 1619 2134 operae

337 2179 479 2267 pretinm
503 2183 554 2243 est
577 2175 847 2243 animadvertisse
873 2178 1150 2266 praepositionem
1166 2178 1201 2244 in
1218 2177 1329 2245 codice
1346 2184 1484 2245 aooentu
1497 2201 1619 2249 carere.

338 2313 388 2379 De
411 2317 529 2379 neutro
553 2317 664 2378 autem
687 2312 788 2393 φλοιόν
811 2311 850 2377 of.
877 2312 1021 2397 Hesyoh.
1046 2334 1072 2377 s.
1097 2334 1150 2381 vv.
1174 2314 1276 2394 φλοιόν
1305 2319 1340 2379 et
1363 2314 1480 2391 πίτυρα.

382 2448 432 2513 Ib.
457 2445 637 2525 παραξόνιαε
663 2447 798 2525 <sopior
821 2445 985 2525 παραξόνια
1009 2447 1086 2519 τά)
1109 2447 1171 2529 περί
1198 2447 1246 2513 τὸν
1269 2448 1372 2529 τροχὸν
1396 2448 1550 2527 ἑλκόμενα.

382 2582 619 2670 Interpretatio
640 2582 787 2668 proferto
803 2603 917 2668 parum
933 2582 1125 2670 perspicua!
1151 2583 1272 2655 Ruta:
1294 2585 1446 2671 properly
1462 2584 1617 2671 αιιρόίιόνιρ

338 2717 482 2804 dropped
505 2717 609 2783 round
632 2716 670 2803 oy
695 2737 716 2781 α
738 2716 835 2781 ιιιίιοσό
855 2717 883 2781 ia
906 2715 1162 2802 παραξόνιον,
1186 2739 1270 2804 quae
1287 2718 1412 2803 versio,
1436 2719 1519 2784 nihil
1535 2719 1617 2784 lueis

337 2855 495 2939 afferens,
520 2873 561 2919 ne
577 2853 707 2941 probari
724 2850 856 2938 quidem
872 2856 991 2938 potest.
1017 2852 1221 2938 Quemquam
1238 2854 1326 2918 voois
1343 2853 1617 2939 significationem

336 2991 415 3056 eatis
449 3010 517 3055 non
551 2992 702 3054 constare
725 2992 815 3053 reete
838 2992 977 3052 annotat
1000 3009 1030 3053 v.
1054 2987 1239 3071 Leouwen,
1267 2988 1438 3076 probabile
1462 2988 1542 3054 mihi
1567 2994 1618 3055 est

336 3147 402 3191 non
438 3124 559 3212 injuria
592 3123 810 3189 Fritzsohium
844 3120 950 3189 Bekk.
986 3120 1113 3188 Aneod.
1150 3144 1181 3210 p.
1208 3124 1261 3208 58,
1288 3124 1325 3187 11
1352 3128 1501 3189 aeonium
1524 3145 1618 3208 esse,

335 3260 392 3346 qni
415 3260 575 3347 explieat:
611 3260 720 3325 οίιινιιυ
750 3259 860 3322 axium
883 3264 970 3323 rotae
992 3256 1197 3323 continendae
1215 3258 1393 3344 praefisus.
1440 3258 1557 3345 Itaque
1580 3259 1615 3324 in

335 3394 458 3461 scholio
483 3398 595 3459 nostro
619 3392 700 3459 haee
724 3392 792 3458 fere
816 3391 917 3459 fuisse
937 3391 1051 3458 oredo:
1075 3391 1209 3472 <κυρίυο
1227 3392 1390 3473 παραξόνια
1406 3393 1484 3466 πά>
1508 3395 1615 3474 παρά

334 3533 421 3616 (oum
446 3529 536 3616 Ald.)
560 3529 608 3595 τόν
630 3528 735 3609 τροχόν
756 3529 842 3602 <aa
864 3534 916 3594 τοῦ
939 3526 1078 3605 άξονος)
1102 3528 1257 3606 ἑλκόμενα.

386 3666 440 3732 Vs.
464 3667 531 3730 818
552 3686 621 3751 sqq.
669 3666 753 3728 ἔσται
777 3663 802 3729 δ’
827 3663 981 3746 ὑψιλόφοιν
1004 3690 1037 3728 τε
1061 3663 1157 3741 λόχων
1179 3665 1349 3744 κορυθαίολα
1372 3664 1448 3740 νείκη

669 3798 883 3879 σχινδαλάμων
906 3823 939 3863 πε
963 3796 1144 3883 παραξόνια,
1168 3798 1364 3876 σμιλεύματά
1388 3802 1415 3863 τ’
1438 3799 1527 3879 ἔργων

666 3933 765 4016 φωτός
788 3932 969 4011 οίμιινομένου
993 3932 1210 4011 Φρενοτέκπονος
1234 3934 1332 4013 άνόρόο

665 4067 771 4148 ρ’νίμαό
796 4068 1004 4144 ἱπποβάμονα.

378 4203 497 4270 Merito
532 4204 566 4269 in
602 4204 692 4269 hisee
717 4225 779 4270 ves.
804 4204 899 4268 multi
924 4202 984 4269 viri
1008 4202 1097 4268 docti
1120 4203 1310 4287 haeserunt,
1334 4203 1370 4268 in
1393 4202 1527 4269 vocibus
1550 4230 1617 4281 σμι-

333 4338 475 4416 λεύματά
510 4342 537 4403 π’
562 4340 651 4417 ἔργον
686 4338 893 4427 praesertim,
931 4359 990 4426 pro
1025 4338 1143 4424 quibus
1179 4338 1362 4427 suspicatus
1386 4344 1436 4406 est
1460 4340 1615 4425 Bloydee=

333 4475 518 4551 σμιλεύμασ’
549 4476 624 4539 ε’πῶν
656 4500 708 4559 σε,
739 4497 804 4560 qua
836 4474 1026 4560 conjecture
1048 4495 1164 4563 parum
1187 4474 1392 4561 proficimue3
1418 4496 1448 4541 v.
1472 4474 1616 4542 Velsen:

333 4609 518 4687 σμιλεόμασ’
542 4611 689 4693 άσειροῦρ,
723 4607 781 4676 sed
805 4609 919 4677 abesse
944 4610 1059 4697 n'equit
1083 4610 1288 4696 conjunctio,
1314 4614 1351 4676 ut
1376 4608 1562 4676 observavit
1586 4631 1616 4673 v.

366 5037 395 5109 i)
413 5038 450 5090 Cf.
467 5038 551 5092 Diosc.
571 5039 590 5091 1.
608 5038 656 5106 17;
673 5039 795 5107 Hippoor.
813 5053 837 5103 p.
854 5036 912 5105 649,
930 5035 972 5089 49.
