4234 6059
959 712 1001 774 69

340 932 442 999 acidos.
477 936 529 996 καί
551 937 641 1010 φησιν
665 932 730 1006 'E.‚
755 933 820 1003 τοὺς
845 931 989 1003 ίστοίτυυς
1012 931 1172 1012 τρέχοντας
1205 939 1277 998 τῶν
1308 937 1520 999 νεανίσκων
1552 935 1622 1000 ὑπὸ

340 1074 409 1133 τῶν
443 1068 641 1145 οίμοραίων
675 1067 838 1132 conuscat
870 1069 1029 1139 πλατείαις
1060 1069 1156 1148 χερσί.
1192 1068 1232 1135 In
1263 1069 1381 1156 quibus
1412 1070 1508 1137 valde
1541 1071 1621 1137 mihi

340 1201 515 1290 displicent
549 1203 621 1267 illa:
657 1203 713 1266 ὑπὸ
747 1209 802 1267 τῶν
836 1204 990 1281 ιὶγοροιίωυ.
1035 1204 1101 1269 Pro
1136 1204 1255 1291 quibus
1290 1203 1425 1289 Jacobi,
1460 1207 1621 1293 probante

339 1336 537 1424 Blaydesio,
562 1336 709 1424 scripsit:
734 1337 1081 1423 οίοιοιμορευίντως,
1106 1337 1192 1424 quod
1216 1343 1305 1405 certe
1329 1344 1483 1425 praestat.
1511 1340 1621 1407 Minus

340 1478 450 1539 tamen
489 1478 603 1559 aptum
635 1478 670 1538 et
700 1472 762 1539 hoo
793 1477 868 1560 post
899 1473 965 1546 τοὺς
1001 1474 1144 1543 tortirac
1175 1472 1333 1553 τρέχοντος
1367 1473 1446 1537 mihi
1478 1474 1618 1543 ridetur.

340 1608 501 1695 Equidem
524 1628 691 1696 propono:
715 1608 890 1689 ΕὐΦρίνιος·
914 1605 957 1672 ίτι
972 1608 1197 1685 -λαμιιοίδος,
1223 1606 1273 1670 καί
1297 1607 1363 1679 τοὺς
1387 1609 1530 1681 ὑοτοίτους
1558 1612 1620 1690 τρέ·

339 1769 451 1824 χονταο
487 1748 559 1808 τῶν
594 1745 825 1819 οίγωνιοτῶν
850 1742 1012 1808 τύπτεσθαι
1035 1758 1101 1808 κτλ.
1126 1742 1165 1808 of.
1188 1742 1334 1829 Hesych.
1362 1765 1386 1810 s.
1419 1765 1449 1809 v.
1479 1754 1620 1823 Κεραμει-

339 1886 404 1945 κοιίε
416 1930 423 1945 .
437 1929 464 1945 ..
482 1930 488 1944 .
505 1880 587 1956 dado
609 1879 670 1957 yda
694 1927 771 1945 ....
788 1880 817 1942 ἐν
839 1873 860 1960 ᾧ
883 1879 1024 1943 τύπτουσι
1041 1880 1200 1950 πλατείαις
1216 1881 1300 1958 χοροί
1317 1879 1383 1950 τοὺς
1399 1879 1442 1954 μίν
1459 1880 1619 1959 τρέχοντας
1660 1922 1663 1929 -

339 2014 388 2080 καί
414 2015 480 2083 τοὺς
503 2013 613 2087 ἄλλους
638 2012 735 2101 (corr.
759 2011 932 2099 Φαίλουςί)
959 2014 1128 2089 apostatae
1152 2013 1280 2089 γέλωτος
1296 2014 1402 2099 χοίρως
1419 2013 1516 2081 Phot.
1534 2035 1558 2081 s.
1572 2038 1617 2082 vo

338 2151 404 2221 τοὺς
427 2149 487 2229 adp
508 2148 640 2231 ρμίίμωο
664 2149 825 2228 τρέχοντας
849 2147 1018 2213 τιίττουοιν.

384 2284 489 2351 Sahal.
512 2284 593 2351 Bao.
617 2283 661 2348 αιί
683 2304 727 2349 νο.
750 2285 849 2349 1114.
886 2284 924 2347 rt
949 2281 1048 2359 δεξιοίι
1076 2280 1182 2356 δεξιοὺς
1206 2281 1346 2363 νομίζουσι
1369 2283 1437 2354 τοὺς
1461 2307 1616 2362 στρατευο-

337 2420 438 2497 μένους
461 2420 511 2483 καί
535 2419 653 2483 ἐπαίνου
677 2417 793 2502 οίξίους,
818 2418 885 2490 τοὺς
910 2418 936 2484 δ’
962 2417 1187 2496 >extranearet
1210 2420 1265 2491 τοὶς
1282 2420 1440 2501 στρατείας
1455 2420 1618 2501 Φιλοδίιιους

338 2550 409 2619 εἶναι
432 2557 482 2619 καί
505 2552 706 2636 συκοφάντας.
732 2553 762 2639 [d
786 2552 819 2618 τί
841 2555 986 2618 ἐναντίον·
1010 2551 1056 2618 ίνα
1079 2552 1096 2635 ᾖ
1121 2554 1231 2625 τοίντες
1255 2555 1279 2618 oi
1302 2555 1427 2630 οίμαίείς
1444 2552 1497 2628 ἔξω
1515 2556 1617 2635 ἕττρα·
1666 2568 1670 2575 ’

337 2688 467 2765 τευμίνοι
491 2689 568 2775 eici}

382 2824 469 2890 Huic
500 2824 647 2890 lemmati
677 2823 781 2890 Ruth.
812 2823 894 2889 haec
926 2800 1099 2909 adscripsit
1129 2824 1163 2887 in
1187 2823 1402 2889 annotatione
1426 2822 1550 2890 addens
1574 2824 1616 2889 ad

338 2964 547 3042 contextum,
573 2979 671 3045 quem
688 2979 776 3024 nunc
791 2958 968 3042 habemus,
996 2959 1051 3024 vix
1068 2980 1108 3026 ea
1124 2958 1294 3045 quadrare.
1319 2956 1362 3025 ,nt
1379 2963 1467 3025 reete
1480 2957 1611 3045 quidem

337 3095 410 3179 illo,
446 3115 641 3181 quamquam
671 3095 706 3159 in
737 3093 934 3181 assignando
970 3116 1009 3160 ea
1038 3116 1084 3158 vs.
1113 3095 1198 3159 1114
1235 3114 1360 3159 errasse
1385 3092 1525 3161 videtur.
1562 3093 1614 3159 Ex

335 3229 376 3295 iis
399 3230 486 3295 enim
510 3251 594 3316 quae
617 3229 738 3316 injuria
762 3229 886 3296 delevit
910 3235 945 3296 et
968 3249 1011 3294 ex
1034 3227 1157 3294 codicis
1172 3229 1256 3296 Von.
1273 3229 1433 3295 lectione:
1459 3232 1615 3312 ἕοτροτευ·

336 3364 436 3439 μένους
460 3386 519 3452 pro
542 3365 806 3448 προτεινομένους,
830 3365 904 3431 luce
928 3370 977 3431 est
1001 3365 1120 3430 clarius
1144 3363 1185 3431 ed
1201 3386 1248 3430 vs.
1265 3364 1519 3452 praecedentem
1534 3367 1616 3433 haec
1646 3377 1648 3381 '

335 3500 519 3589 pertinere,
554 3499 596 3565 ad
631 3501 750 3566 lemma
775 3500 842 3568 scil.
869 3501 1089 3579 ἐστρατευμένοι
1116 3500 1176 3580 yar
1200 3502 1263 3567 είιι.
1299 3501 1425 3568 Ultima
1448 3503 1535 3568 enim
1559 3524 1616 3567 ex·

335 3634 545 3722 plicationem
570 3635 762 3701 recentioris
785 3635 955 3721 cujusdam
979 3636 1247 3701 commentatoris
1271 3637 1460 3722 continent,
1485 3637 1541 3723 qui
1556 3637 1616 3702 hos

335 3793 399 3838 vss.
422 3771 535 3859 inepte
559 3771 607 3836 ita
629 3770 866 3857 interpretatus
890 3775 958 3837 est:
983 3769 1055 3835 Hoc
1078 3772 1159 3835 caim
1183 3778 1318 3856 tempora
1340 3773 1374 3836 ιἰι
1389 3771 1615 3857 expeditionem

334 3906 470 3991 profecti
491 3913 583 3990 auat,
607 3907 664 3991 qai
685 3926 757 3971 vcro
778 3926 864 3971 ιιιοννο
886 3904 1002 3971 adsunt
1026 3925 1131 3973 omnes
1152 3905 1292 3970 libellum
1314 3926 1412 3970 νιιωινιι
1434 3912 1546 3972 teneat.
1573 3942 1614 3955 -

336 4038 565 4127 Expungenda
589 4045 708 4106 autem
743 4040 823 4105 mihi
857 4039 1011 4106 videntur
1041 4039 1142 4107 rerba
1176 4040 1240 4112 τοὺς
1266 4040 1294 4104 δὲ
1318 4040 1544 4120 διοδροίοκοντας
1572 4078 1614 4089 -

335 4177 544 4259 συκοφάντας,
576 4181 691 4263 utpote
723 4177 764 4241 ab
790 4175 945 4241 hocloco
970 4175 1087 4241 aliena.
1122 4176 1243 4241 Postea
1267 4174 1380 4241 addita
1403 4196 1475 4241 osso
1500 4176 1615 4264 opinor

335 4332 427 4394 cnm,
462 4310 584 4376 scholio
615 4312 685 4397 jam
720 4311 792 4376 loco
817 4331 876 4376 suo
900 4315 1005 4394 moto,
1038 4309 1225 4395 subjectum
1249 4311 1341 4376 verbi
1365 4310 1506 4391 νομίζουσι
1532 4312 1613 4397 (soil.

334 4446 524 4531 choreutae)
559 4446 698 4534 amplius
733 4466 800 4511 non
835 4449 1061 4532 agnoscerent.
1098 4445 1137 4511 of.
1164 4445 1254 4511 Suid.
1280 4467 1304 4510 s.
1328 4468 1360 4515 v.
1396 4445 1522 4531 δεξιούς,
1560 4446 1615 4532 qui

335 4580 476 4648 absurde
500 4580 653 4647 exhibet:
679 4579 785 4657 δεξιοὺς
809 4582 912 4657 ἔλεγον
935 4581 967 4645 οί
991 4579 1156 4646 παλαιοί
1180 4596 1248 4647 κτλ.

380 4715 485 4782 Sedet.
510 4716 591 4783 Boo.
615 4716 659 4781 ad
679 4737 726 4783 νο.
750 4718 849 4785 1116.
888 4716 1118 4793 ταρνκίνιρνταιι
1142 4714 1357 4795 παρωξυμμένοι
1383 4717 1464 4781 rial.

381 4851 473 4927 Quae
490 4872 618 4937 causae,
635 4857 672 4917 ut
692 4851 776 4917 hanc
792 4852 967 4917 lectionem
984 4856 1149 4936 servaret,
1174 4850 1433 4917 Rutherfordum
1451 4849 1614 4915 moverint

336 5007 402 5057 non
437 5008 601 5081 assequor.
650 4986 732 5053 (inm
768 4987 866 5056 Dind.
902 4986 1126 5076 recipiendum
1160 4991 1258 5076 puto:
1292 4984 1613 5067 παρωξυμμένοι,
