<?xml version="1.0" encoding="UTF-8"?>
<!DOCTYPE html PUBLIC "-//W3C//DTD XHTML 1.0 Transitional//EN"
    "http://www.w3.org/TR/xhtml1/DTD/xhtml1-transitional.dtd">
<html xmlns="http://www.w3.org/1999/xhtml" xml:lang="en" lang="en">
 <head>
  <title>
</title>
<meta http-equiv="Content-Type" content="text/html;charset=utf-8" />
  <meta name='ocr-system' content='tesseract 3.04.00' />
  <meta name='ocr-capabilities' content='ocr_page ocr_carea ocr_par ocr_line ocrx_word'/>
</head>
<body>
  <div class='ocr_page' id='page_1' title='image "./observationescr00bloegoog_0062.png"; bbox 0 0 4234 6059; ppageno 0'>
   <div class='ocr_carea' id='block_1_1' title="bbox 1159 730 1203 793">
    <p class='ocr_par' dir='ltr' id='par_1_1' title="bbox 1159 730 1203 793">
     <span class='ocr_line' id='line_1_1' title="bbox 1159 730 1203 793; baseline 0 0"><span class='ocrx_word' id='word_1_1' title='bbox 1159 730 1203 793; x_wconf 81' lang='lat'><strong>42</strong></span> 
     </span>
    </p>
   </div>
   <div class='ocr_carea' id='block_1_2' title="bbox 528 949 1821 4392">
    <p class='ocr_par' dir='ltr' id='par_1_2' title="bbox 536 949 1821 1151">
     <span class='ocr_line' id='line_1_2' title="bbox 580 949 1821 1035; baseline 0.002 -20"><span class='ocrx_word' id='word_1_2' title='bbox 580 949 743 1015; x_wconf 83' lang='lat' dir='ltr'><strong>Nimirum</strong></span> <span class='ocrx_word' id='word_1_3' title='bbox 764 950 827 1016; x_wconf 91' lang='lat' dir='ltr'><strong>hoc</strong></span> <span class='ocrx_word' id='word_1_4' title='bbox 850 950 950 1018; x_wconf 86' lang='lat' dir='ltr'><strong>schol.</strong></span> <span class='ocrx_word' id='word_1_5' title='bbox 974 949 1194 1017; x_wconf 76' lang='lat' dir='ltr'><strong>revocandum</strong></span> <span class='ocrx_word' id='word_1_6' title='bbox 1217 956 1269 1017; x_wconf 88' lang='lat' dir='ltr'><strong>est</strong></span> <span class='ocrx_word' id='word_1_7' title='bbox 1292 951 1333 1018; x_wconf 82' lang='lat' dir='ltr'><strong>cd</strong></span> <span class='ocrx_word' id='word_1_8' title='bbox 1358 974 1405 1020; x_wconf 84' lang='lat' dir='ltr'><strong>vs.</strong></span> <span class='ocrx_word' id='word_1_9' title='bbox 1430 955 1514 1019; x_wconf 82' lang='lat'><strong>595:</strong></span> <span class='ocrx_word' id='word_1_10' title='bbox 1541 955 1566 1018; x_wconf 79' lang='lat' dir='ltr'><strong>si</strong></span> <span class='ocrx_word' id='word_1_11' title='bbox 1590 954 1619 1019; x_wconf 76' lang='lat' dir='ltr'><strong>u</strong></span> <span class='ocrx_word' id='word_1_12' title='bbox 1644 958 1821 1035; x_wconf 71' lang='grc' dir='ltr'><strong><em>παραληρῶν</em></strong></span> 
     </span>
     <span class='ocr_line' id='line_1_3' title="bbox 536 1084 655 1151; baseline 0.017 -2"><span class='ocrx_word' id='word_1_13' title='bbox 536 1084 655 1151; x_wconf 75' lang='grc' dir='ltr'><strong><em>ἀλάοεν.</em></strong></span> 
     </span>
    </p>

    <p class='ocr_par' dir='ltr' id='par_1_3' title="bbox 535 1213 1819 1434">
     <span class='ocr_line' id='line_1_4' title="bbox 579 1213 1819 1305; baseline 0.002 -19"><span class='ocrx_word' id='word_1_14' title='bbox 579 1213 684 1288; x_wconf 76' lang='lat' dir='ltr'><strong>Sobel.</strong></span> <span class='ocrx_word' id='word_1_15' title='bbox 718 1218 762 1285; x_wconf 78' lang='lat' dir='ltr'><strong>od</strong></span> <span class='ocrx_word' id='word_1_16' title='bbox 794 1239 839 1288; x_wconf 81' lang='lat' dir='ltr'><strong>os.</strong></span> <span class='ocrx_word' id='word_1_17' title='bbox 873 1222 941 1287; x_wconf 84' lang='lat'><strong>607</strong></span> <span class='ocrx_word' id='word_1_18' title='bbox 974 1218 1030 1305; x_wconf 90' lang='lat' dir='ltr'><strong>(ib.</strong></span> <span class='ocrx_word' id='word_1_19' title='bbox 1068 1220 1135 1305; x_wconf 82' lang='lat'>32).</span> <span class='ocrx_word' id='word_1_20' title='bbox 1171 1221 1213 1296; x_wconf 71' lang='grc' dir='ltr'><strong>μὶν</strong></span> <span class='ocrx_word' id='word_1_21' title='bbox 1249 1220 1398 1302; x_wconf 70' lang='lat' dir='ltr'><strong>erodentes:</strong></span> <span class='ocrx_word' id='word_1_22' title='bbox 1433 1222 1484 1287; x_wconf 83' lang='grc' dir='ltr'><strong>οὐκ</strong></span> <span class='ocrx_word' id='word_1_23' title='bbox 1518 1218 1551 1287; x_wconf 81' lang='grc' dir='ltr'><strong>εὖ</strong></span> <span class='ocrx_word' id='word_1_24' title='bbox 1576 1222 1639 1288; x_wconf 74' lang='grc' dir='ltr'><strong>οὐδὲ</strong></span> <span class='ocrx_word' id='word_1_25' title='bbox 1663 1222 1764 1303; x_wconf 76' lang='grc' dir='ltr'><strong><em>κυρίως</em></strong></span> <span class='ocrx_word' id='word_1_26' title='bbox 1788 1223 1819 1288; x_wconf 78' lang='grc' dir='ltr'><strong>τὸ</strong></span> 
     </span>
     <span class='ocr_line' id='line_1_5' title="bbox 535 1353 893 1434; baseline 0.008 -16"><span class='ocrx_word' id='word_1_27' title='bbox 535 1353 668 1433; x_wconf 81' lang='grc' dir='ltr'><strong><em>τράοντον</em></strong></span> <span class='ocrx_word' id='word_1_28' title='bbox 690 1360 893 1434; x_wconf 78' lang='grc' dir='ltr'><strong><em>τροκαλεῑταν.</em></strong></span> 
     </span>
    </p>

    <p class='ocr_par' dir='ltr' id='par_1_4' title="bbox 528 1488 1818 2661">
     <span class='ocr_line' id='line_1_6' title="bbox 579 1488 1815 1581; baseline 0.002 -25"><span class='ocrx_word' id='word_1_29' title='bbox 579 1488 648 1556; x_wconf 83' lang='lat' dir='ltr'><strong>Vix</strong></span> <span class='ocrx_word' id='word_1_30' title='bbox 663 1510 701 1559; x_wconf 86' lang='lat' dir='ltr'><strong>so</strong></span> <span class='ocrx_word' id='word_1_31' title='bbox 717 1510 760 1558; x_wconf 91' lang='lat' dir='ltr'><strong>ne</strong></span> <span class='ocrx_word' id='word_1_32' title='bbox 777 1490 833 1557; x_wconf 80' lang='lat' dir='ltr'><strong>vix</strong></span> <span class='ocrx_word' id='word_1_33' title='bbox 846 1488 978 1579; x_wconf 88' lang='lat' dir='ltr'><strong>quidem</strong></span> <span class='ocrx_word' id='word_1_34' title='bbox 990 1490 1073 1557; x_wconf 82' lang='lat' dir='ltr'><strong>hoec</strong></span> <span class='ocrx_word' id='word_1_35' title='bbox 1086 1510 1272 1579; x_wconf 89' lang='lat' dir='ltr'><strong>concoqno;</strong></span> <span class='ocrx_word' id='word_1_36' title='bbox 1289 1491 1498 1559; x_wconf 88' lang='lat' dir='ltr'><strong>scribendum</strong></span> <span class='ocrx_word' id='word_1_37' title='bbox 1511 1513 1582 1559; x_wconf 84' lang='lat' dir='ltr'><strong>esso</strong></span> <span class='ocrx_word' id='word_1_38' title='bbox 1594 1494 1760 1581; x_wconf 90' lang='lat' dir='ltr'><strong>suspicor:</strong></span> <span class='ocrx_word' id='word_1_39' title='bbox 1771 1541 1778 1558; x_wconf 92' lang='lat'>.</span> <span class='ocrx_word' id='word_1_40' title='bbox 1790 1541 1815 1559; x_wconf 93' lang='lat'><strong>..</strong></span> 
     </span>
     <span class='ocr_line' id='line_1_7' title="bbox 533 1608 1817 1716; baseline 0.002 -25"><span class='ocrx_word' id='word_1_41' title='bbox 533 1626 582 1707; x_wconf 75' lang='grc' dir='ltr'><strong>τῷ</strong></span> <span class='ocrx_word' id='word_1_42' title='bbox 617 1624 734 1701; x_wconf 65' lang='grc' dir='ltr'><strong>(μὴ)</strong></span> <span class='ocrx_word' id='word_1_43' title='bbox 768 1625 901 1707; x_wconf 80' lang='grc' dir='ltr'><strong><em>τράοντον</em></strong></span> <span class='ocrx_word' id='word_1_44' title='bbox 931 1632 1124 1706; x_wconf 65' lang='grc' dir='ltr'><strong>προκαλεῖται</strong></span> <span class='ocrx_word' id='word_1_45' title='bbox 1155 1608 1344 1705; x_wconf 74' lang='grc' dir='ltr'><strong>(αὐτούς).</strong></span> <span class='ocrx_word' id='word_1_46' title='bbox 1377 1628 1620 1716; x_wconf 81' lang='lat' dir='ltr'><strong>Interpretare:</strong></span> <span class='ocrx_word' id='word_1_47' title='bbox 1643 1629 1768 1709; x_wconf 74' lang='lat' dir='ltr'><strong>injurio</strong></span> <span class='ocrx_word' id='word_1_48' title='bbox 1789 1637 1817 1694; x_wconf 86' lang='lat' dir='ltr'><strong>et</strong></span> 
     </span>
     <span class='ocr_line' id='line_1_8' title="bbox 528 1760 1817 1851; baseline 0.002 -25"><span class='ocrx_word' id='word_1_49' title='bbox 528 1781 651 1848; x_wconf 79' lang='lat' dir='ltr'><strong>parum</strong></span> <span class='ocrx_word' id='word_1_50' title='bbox 672 1767 864 1850; x_wconf 74' lang='lat' dir='ltr'><strong>opportune,</strong></span> <span class='ocrx_word' id='word_1_51' title='bbox 888 1762 910 1829; x_wconf 82' lang='lat' dir='ltr'><strong>i.</strong></span> <span class='ocrx_word' id='word_1_52' title='bbox 934 1782 959 1829; x_wconf 81' lang='grc' dir='ltr'><strong>ο.</strong></span> <span class='ocrx_word' id='word_1_53' title='bbox 991 1760 1173 1848; x_wconf 77' lang='lat' dir='ltr'><strong>prudenter</strong></span> <span class='ocrx_word' id='word_1_54' title='bbox 1198 1762 1241 1827; x_wconf 84' lang='lat' dir='ltr'><strong>ad</strong></span> <span class='ocrx_word' id='word_1_55' title='bbox 1251 1783 1398 1850; x_wconf 69' lang='lat' dir='ltr'><strong>pesonam</strong></span> <span class='ocrx_word' id='word_1_56' title='bbox 1412 1763 1489 1849; x_wconf 82' lang='lat' dir='ltr'><strong>(sibi</strong></span> <span class='ocrx_word' id='word_1_57' title='bbox 1502 1765 1664 1851; x_wconf 78' lang='lat' dir='ltr'><strong>iniquam)</strong></span> <span class='ocrx_word' id='word_1_58' title='bbox 1680 1784 1731 1830; x_wconf 84' lang='lat' dir='ltr'><strong>cos</strong></span> <span class='ocrx_word' id='word_1_59' title='bbox 1740 1785 1817 1850; x_wconf 78' lang='lat' dir='ltr'><strong>pro·</strong></span> 
     </span>
     <span class='ocr_line' id='line_1_9' title="bbox 533 1895 1817 1985; baseline 0.002 -24"><span class='ocrx_word' id='word_1_60' title='bbox 533 1904 631 1961; x_wconf 84' lang='lat' dir='ltr'><strong>occat.</strong></span> <span class='ocrx_word' id='word_1_61' title='bbox 657 1934 698 1949; x_wconf 87' lang='lat'><em>-</em></span> <span class='ocrx_word' id='word_1_62' title='bbox 720 1895 761 1963; x_wconf 95' lang='lat' dir='ltr'><strong>In</strong></span> <span class='ocrx_word' id='word_1_63' title='bbox 796 1895 1009 1985; x_wconf 70' lang='lat' dir='ltr'><strong>sequentibus</strong></span> <span class='ocrx_word' id='word_1_64' title='bbox 1044 1896 1148 1965; x_wconf 88' lang='lat' dir='ltr'><strong>Ruth.</strong></span> <span class='ocrx_word' id='word_1_65' title='bbox 1185 1896 1305 1966; x_wconf 78' lang='lat' dir='ltr'><strong>edidit:</strong></span> <span class='ocrx_word' id='word_1_66' title='bbox 1341 1898 1405 1965; x_wconf 83' lang='grc' dir='ltr'><strong><em>ἓννον</em></strong></span> <span class='ocrx_word' id='word_1_67' title='bbox 1442 1898 1472 1963; x_wconf 74' lang='lat' dir='ltr'><strong>ds&#39;</strong></span> <span class='ocrx_word' id='word_1_68' title='bbox 1495 1904 1573 1981; x_wconf 81' lang='grc' dir='ltr'><strong><em>φασι</em></strong></span> <span class='ocrx_word' id='word_1_69' title='bbox 1597 1897 1702 1963; x_wconf 81' lang='grc' dir='ltr'><strong><em>πάντα</em></strong></span> <span class='ocrx_word' id='word_1_70' title='bbox 1731 1898 1817 1964; x_wconf 77' lang='grc' dir='ltr'><strong><em>αὐτὸν</em></strong></span> 
     </span>
     <span class='ocr_line' id='line_1_10' title="bbox 533 2029 1815 2111; baseline 0.002 -15"><span class='ocrx_word' id='word_1_71' title='bbox 533 2029 632 2108; x_wconf 66' lang='grc' dir='ltr'><strong><em>λέγειν</em></strong></span> <span class='ocrx_word' id='word_1_72' title='bbox 655 2030 705 2097; x_wconf 76' lang='grc' dir='ltr'><strong>τάν</strong></span> <span class='ocrx_word' id='word_1_73' title='bbox 728 2030 906 2111; x_wconf 69' lang='grc' dir='ltr'><strong><em>Πλούτωνα,</em></strong></span> <span class='ocrx_word' id='word_1_74' title='bbox 928 2032 1162 2109; x_wconf 66' lang='grc' dir='ltr'><strong><em>ἀγανακτοῦντα</em></strong></span> <span class='ocrx_word' id='word_1_75' title='bbox 1186 2030 1233 2098; x_wconf 74' lang='grc' dir='ltr'><strong>ἐπὶ</strong></span> <span class='ocrx_word' id='word_1_76' title='bbox 1250 2032 1283 2098; x_wconf 77' lang='grc' dir='ltr'><strong>τὸ</strong></span> <span class='ocrx_word' id='word_1_77' title='bbox 1299 2032 1462 2099; x_wconf 68' lang='lat' dir='ltr'><strong>reinsertus</strong></span> <span class='ocrx_word' id='word_1_78' title='bbox 1477 2032 1544 2105; x_wconf 80' lang='grc' dir='ltr'><strong><em>τοὺς</em></strong></span> <span class='ocrx_word' id='word_1_79' title='bbox 1560 2031 1732 2105; x_wconf 71' lang='grc' dir='ltr'><strong><em>ἀκολούθους</em></strong></span> <span class='ocrx_word' id='word_1_80' title='bbox 1749 2047 1815 2099; x_wconf 88' lang='grc' dir='ltr'><strong>κτλ.</strong></span> 
     </span>
     <span class='ocr_line' id='line_1_11' title="bbox 533 2165 1818 2248; baseline 0.002 -15"><span class='ocrx_word' id='word_1_81' title='bbox 533 2166 671 2234; x_wconf 87' lang='lat' dir='ltr'><strong>Rectius</strong></span> <span class='ocrx_word' id='word_1_82' title='bbox 693 2166 779 2237; x_wconf 81' lang='lat' dir='ltr'><strong>Vsu.</strong></span> <span class='ocrx_word' id='word_1_83' title='bbox 802 2166 920 2235; x_wconf 75' lang='lat' dir='ltr'><strong>bubotx</strong></span> <span class='ocrx_word' id='word_1_84' title='bbox 944 2168 958 2233; x_wconf 83' lang='grc' dir='ltr'><strong>ε’</strong></span> <span class='ocrx_word' id='word_1_85' title='bbox 966 2166 1006 2232; x_wconf 80' lang='grc' dir='ltr'><strong>τὶ</strong></span> <span class='ocrx_word' id='word_1_86' title='bbox 1030 2168 1078 2248; x_wconf 79' lang='grc' dir='ltr'><strong>τῷ</strong></span> <span class='ocrx_word' id='word_1_87' title='bbox 1102 2165 1335 2233; x_wconf 73' lang='grc' dir='ltr'><strong>τύπτεσθαι.</strong></span> <span class='ocrx_word' id='word_1_88' title='bbox 1382 2168 1475 2235; x_wconf 82' lang='lat' dir='ltr'>Inter</span> <span class='ocrx_word' id='word_1_89' title='bbox 1496 2168 1617 2235; x_wconf 80' lang='lat' dir='ltr'><strong>multus</strong></span> <span class='ocrx_word' id='word_1_90' title='bbox 1642 2168 1818 2236; x_wconf 83' lang='lat' dir='ltr'><strong>verborum</strong></span> 
     </span>
     <span class='ocr_line' id='line_1_12' title="bbox 533 2300 1817 2391; baseline 0.002 -24"><span class='ocrx_word' id='word_1_91' title='bbox 533 2302 709 2369; x_wconf 82' lang='lat' dir='ltr'><strong>effectuum</strong></span> <span class='ocrx_word' id='word_1_92' title='bbox 743 2301 1020 2389; x_wconf 73' lang='lat' dir='ltr'><strong>constructiones,</strong></span> <span class='ocrx_word' id='word_1_93' title='bbox 1054 2300 1245 2389; x_wconf 83' lang='lat' dir='ltr'><strong>conjunctio</strong></span> <span class='ocrx_word' id='word_1_94' title='bbox 1280 2324 1354 2369; x_wconf 86' lang='lat' dir='ltr'><strong>cum</strong></span> <span class='ocrx_word' id='word_1_95' title='bbox 1390 2301 1439 2367; x_wconf 74' lang='grc' dir='ltr'><strong>ἐπὶ</strong></span> <span class='ocrx_word' id='word_1_96' title='bbox 1471 2324 1500 2372; x_wconf 89' lang='grc' dir='ltr'><strong>ο.</strong></span> <span class='ocrx_word' id='word_1_97' title='bbox 1533 2324 1620 2390; x_wconf 81' lang='lat' dir='ltr'><strong>oco,</strong></span> <span class='ocrx_word' id='word_1_98' title='bbox 1656 2306 1817 2391; x_wconf 81' lang='lat' dir='ltr'><strong>quantum</strong></span> 
     </span>
     <span class='ocr_line' id='line_1_13' title="bbox 533 2436 1817 2527; baseline 0.001 -25"><span class='ocrx_word' id='word_1_99' title='bbox 533 2436 618 2522; x_wconf 88' lang='lat' dir='ltr'><strong>scio,</strong></span> <span class='ocrx_word' id='word_1_100' title='bbox 643 2457 710 2503; x_wconf 92' lang='lat' dir='ltr'><strong>nou</strong></span> <span class='ocrx_word' id='word_1_101' title='bbox 733 2437 873 2504; x_wconf 89' lang='lat' dir='ltr'><strong>occurrit</strong></span> <span class='ocrx_word' id='word_1_102' title='bbox 889 2439 927 2524; x_wconf 90' lang='lat'><strong>¹).</strong></span> <span class='ocrx_word' id='word_1_103' title='bbox 972 2438 1013 2505; x_wconf 94' lang='lat' dir='ltr'><strong>Iu</strong></span> <span class='ocrx_word' id='word_1_104' title='bbox 1036 2436 1138 2507; x_wconf 89' lang='lat' dir='ltr'><strong>schol.</strong></span> <span class='ocrx_word' id='word_1_105' title='bbox 1162 2436 1203 2503; x_wconf 88' lang='lat' dir='ltr'><strong>sd</strong></span> <span class='ocrx_word' id='word_1_106' title='bbox 1227 2458 1273 2504; x_wconf 88' lang='lat' dir='ltr'><strong>vs.</strong></span> <span class='ocrx_word' id='word_1_107' title='bbox 1300 2439 1364 2506; x_wconf 78' lang='grc'><strong>149</strong></span> <span class='ocrx_word' id='word_1_108' title='bbox 1388 2436 1505 2506; x_wconf 92' lang='lat' dir='ltr'><strong>eodem</strong></span> <span class='ocrx_word' id='word_1_109' title='bbox 1530 2438 1711 2527; x_wconf 84' lang='lat' dir='ltr'><strong>scripturae</strong></span> <span class='ocrx_word' id='word_1_110' title='bbox 1736 2437 1817 2505; x_wconf 85' lang='lat' dir='ltr'><strong>vitio</strong></span> 
     </span>
     <span class='ocr_line' id='line_1_14' title="bbox 533 2571 1535 2661; baseline 0.002 -24"><span class='ocrx_word' id='word_1_111' title='bbox 533 2572 671 2659; x_wconf 78' lang='lat' dir='ltr'><strong>legitur:</strong></span> <span class='ocrx_word' id='word_1_112' title='bbox 707 2571 755 2638; x_wconf 77' lang='grc' dir='ltr'><strong>ἐπὶ</strong></span> <span class='ocrx_word' id='word_1_113' title='bbox 789 2572 822 2637; x_wconf 78' lang='grc' dir='ltr'><strong>τὸ</strong></span> <span class='ocrx_word' id='word_1_114' title='bbox 857 2575 958 2638; x_wconf 76' lang='grc' dir='ltr'><strong><em>πολλοὶ</em></strong></span> <span class='ocrx_word' id='word_1_115' title='bbox 993 2575 1143 2656; x_wconf 79' lang='grc' dir='ltr'><strong><em>τράττενν,</em></strong></span> <span class='ocrx_word' id='word_1_116' title='bbox 1177 2593 1252 2661; x_wconf 80' lang='lat' dir='ltr'><strong>pror</strong></span> <span class='ocrx_word' id='word_1_117' title='bbox 1288 2572 1351 2638; x_wconf 74' lang='grc' dir='ltr'><strong>ἐπὶ</strong></span> <span class='ocrx_word' id='word_1_118' title='bbox 1386 2576 1434 2655; x_wconf 79' lang='grc' dir='ltr'><strong>τῷ</strong></span> <span class='ocrx_word' id='word_1_119' title='bbox 1458 2598 1490 2639; x_wconf 89' lang='grc' dir='ltr'><strong>τ.</strong></span> <span class='ocrx_word' id='word_1_120' title='bbox 1502 2597 1535 2639; x_wconf 84' lang='grc' dir='ltr'><strong>τ.</strong></span> 
     </span>
    </p>

    <p class='ocr_par' dir='ltr' id='par_1_5' title="bbox 581 2704 1755 2789">
     <span class='ocr_line' id='line_1_15' title="bbox 581 2704 1755 2789; baseline 0.001 -15"><span class='ocrx_word' id='word_1_121' title='bbox 581 2704 684 2775; x_wconf 82' lang='lat' dir='ltr'><strong>Sobel.</strong></span> <span class='ocrx_word' id='word_1_122' title='bbox 710 2707 790 2775; x_wconf 81' lang='lat' dir='ltr'><strong>Ros.</strong></span> <span class='ocrx_word' id='word_1_123' title='bbox 815 2707 859 2773; x_wconf 83' lang='lat' dir='ltr'><strong>ad</strong></span> <span class='ocrx_word' id='word_1_124' title='bbox 880 2728 925 2777; x_wconf 83' lang='lat' dir='ltr'><strong>es.</strong></span> <span class='ocrx_word' id='word_1_125' title='bbox 948 2710 1026 2775; x_wconf 84' lang='lat'><strong><em>611.</em></strong></span> <span class='ocrx_word' id='word_1_126' title='bbox 1072 2710 1114 2787; x_wconf 69' lang='lat' dir='ltr'><strong>nt</strong></span> <span class='ocrx_word' id='word_1_127' title='bbox 1137 2706 1227 2773; x_wconf 83' lang='grc' dir='ltr'><strong>ἀλλό</strong></span> <span class='ocrx_word' id='word_1_128' title='bbox 1263 2710 1303 2789; x_wconf 75' lang='grc' dir='ltr'><strong>τῷ</strong></span> <span class='ocrx_word' id='word_1_129' title='bbox 1327 2709 1369 2784; x_wconf 65' lang='grc' dir='ltr'><strong>μὴ</strong></span> <span class='ocrx_word' id='word_1_130' title='bbox 1394 2709 1459 2774; x_wconf 75' lang='grc' dir='ltr'><strong><em>ἀντὶ</em></strong></span> <span class='ocrx_word' id='word_1_131' title='bbox 1483 2716 1535 2783; x_wconf 76' lang='grc' dir='ltr'><strong>τῆς</strong></span> <span class='ocrx_word' id='word_1_132' title='bbox 1559 2710 1591 2774; x_wconf 80' lang='grc' dir='ltr'><strong>οὐ</strong></span> <span class='ocrx_word' id='word_1_133' title='bbox 1613 2714 1755 2789; x_wconf 75' lang='grc' dir='ltr'><strong>χρῶνται.</strong></span> 
     </span>
    </p>

    <p class='ocr_par' dir='ltr' id='par_1_6' title="bbox 532 2840 1817 3314">
     <span class='ocr_line' id='line_1_16' title="bbox 577 2840 1817 2932; baseline 0.002 -25"><span class='ocrx_word' id='word_1_134' title='bbox 577 2840 681 2907; x_wconf 86' lang='lat' dir='ltr'><strong>Ruth.</strong></span> <span class='ocrx_word' id='word_1_135' title='bbox 705 2847 859 2910; x_wconf 78' lang='lat' dir='ltr'><strong>cunctat:</strong></span> <span class='ocrx_word' id='word_1_136' title='bbox 890 2845 1009 2932; x_wconf 80' lang='lat' dir='ltr'><strong>supply</strong></span> <span class='ocrx_word' id='word_1_137' title='bbox 1031 2844 1238 2923; x_wconf 71' lang='grc' dir='ltr'><strong><em>ἀρνήσεως.</em></strong></span> <span class='ocrx_word' id='word_1_138' title='bbox 1285 2843 1390 2910; x_wconf 89' lang='lat' dir='ltr'><strong>Recto</strong></span> <span class='ocrx_word' id='word_1_139' title='bbox 1415 2841 1570 2929; x_wconf 83' lang='lat' dir='ltr'><strong>fortasse,</strong></span> <span class='ocrx_word' id='word_1_140' title='bbox 1594 2847 1744 2909; x_wconf 84' lang='lat' dir='ltr'><strong>nttsmon</strong></span> <span class='ocrx_word' id='word_1_141' title='bbox 1770 2843 1817 2909; x_wconf 93' lang='lat' dir='ltr'><strong>sic</strong></span> 
     </span>
     <span class='ocr_line' id='line_1_17' title="bbox 536 2976 1816 3065; baseline -0.001 -22"><span class='ocrx_word' id='word_1_142' title='bbox 536 2976 636 3044; x_wconf 86' lang='lat' dir='ltr'><strong>etiam</strong></span> <span class='ocrx_word' id='word_1_143' title='bbox 670 2976 858 3045; x_wconf 85' lang='lat' dir='ltr'><strong>addendum</strong></span> <span class='ocrx_word' id='word_1_144' title='bbox 893 2982 944 3044; x_wconf 88' lang='lat' dir='ltr'><strong>est</strong></span> <span class='ocrx_word' id='word_1_145' title='bbox 977 2982 1053 3065; x_wconf 87' lang='lat' dir='ltr'><strong>post</strong></span> <span class='ocrx_word' id='word_1_146' title='bbox 1088 2979 1148 3055; x_wconf 72' lang='lat' dir='ltr'><strong>uis</strong></span> <span class='ocrx_word' id='word_1_147' title='bbox 1180 2978 1232 3043; x_wconf 81' lang='grc' dir='ltr'><strong>ἀπ</strong></span> <span class='ocrx_word' id='word_1_148' title='bbox 1265 2976 1512 3058; x_wconf 74' lang='grc' dir='ltr'><strong><em>ανορεάοεως</em></strong></span> <span class='ocrx_word' id='word_1_149' title='bbox 1536 2976 1577 3043; x_wconf 84' lang='lat' dir='ltr'><strong>cf.</strong></span> <span class='ocrx_word' id='word_1_150' title='bbox 1602 2976 1703 3044; x_wconf 87' lang='lat' dir='ltr'><strong>schol.</strong></span> <span class='ocrx_word' id='word_1_151' title='bbox 1728 2977 1816 3044; x_wconf 85' lang='lat' dir='ltr'><strong>Vsu.</strong></span> 
     </span>
     <span class='ocr_line' id='line_1_18' title="bbox 532 3110 1815 3201; baseline 0.002 -23"><span class='ocrx_word' id='word_1_152' title='bbox 532 3110 574 3178; x_wconf 83' lang='lat' dir='ltr'><strong>cd</strong></span> <span class='ocrx_word' id='word_1_153' title='bbox 597 3134 644 3179; x_wconf 82' lang='lat' dir='ltr'><strong>re.</strong></span> <span class='ocrx_word' id='word_1_154' title='bbox 671 3115 745 3179; x_wconf 85' lang='lat'>103.</span> <span class='ocrx_word' id='word_1_155' title='bbox 781 3112 968 3201; x_wconf 78' lang='lat' dir='ltr'><strong>Simplicius</strong></span> <span class='ocrx_word' id='word_1_156' title='bbox 990 3133 1068 3182; x_wconf 81' lang='lat' dir='ltr'><strong>voro</strong></span> <span class='ocrx_word' id='word_1_157' title='bbox 1093 3117 1143 3180; x_wconf 90' lang='lat' dir='ltr'><strong>est</strong></span> <span class='ocrx_word' id='word_1_158' title='bbox 1167 3121 1218 3189; x_wconf 75' lang='grc' dir='ltr'><strong>τῆς</strong></span> <span class='ocrx_word' id='word_1_159' title='bbox 1242 3118 1369 3181; x_wconf 82' lang='lat' dir='ltr'><strong>mutare</strong></span> <span class='ocrx_word' id='word_1_160' title='bbox 1393 3113 1427 3179; x_wconf 93' lang='lat' dir='ltr'><strong>in</strong></span> <span class='ocrx_word' id='word_1_161' title='bbox 1446 3119 1507 3201; x_wconf 82' lang='grc' dir='ltr'><strong><em>τοῦ,</em></strong></span> <span class='ocrx_word' id='word_1_162' title='bbox 1529 3111 1617 3201; x_wconf 90' lang='lat' dir='ltr'><strong>qnod</strong></span> <span class='ocrx_word' id='word_1_163' title='bbox 1633 3111 1705 3181; x_wconf 90' lang='lat' dir='ltr'><strong>cod.</strong></span> <span class='ocrx_word' id='word_1_164' title='bbox 1724 3114 1815 3181; x_wconf 88' lang='lat' dir='ltr'><strong>Ven.</strong></span> 
     </span>
     <span class='ocr_line' id='line_1_19' title="bbox 532 3246 679 3314; baseline 0 -2"><span class='ocrx_word' id='word_1_165' title='bbox 532 3246 679 3314; x_wconf 83' lang='lat' dir='ltr'><strong>exhibet.</strong></span> 
     </span>
    </p>

    <p class='ocr_par' dir='ltr' id='par_1_7' title="bbox 576 3380 1229 3475">
     <span class='ocr_line' id='line_1_20' title="bbox 576 3380 1229 3475; baseline 0.005 -30"><span class='ocrx_word' id='word_1_166' title='bbox 576 3380 707 3448; x_wconf 76' lang='lat' dir='ltr'><strong>Ibidem.</strong></span> <span class='ocrx_word' id='word_1_167' title='bbox 754 3382 905 3464; x_wconf 74' lang='grc' dir='ltr'><strong><em>ὑπερφυοῖτ</em></strong></span> <span class='ocrx_word' id='word_1_168' title='bbox 929 3383 994 3447; x_wconf 78' lang='grc' dir='ltr'><strong><em>ἀντὶ</em></strong></span> <span class='ocrx_word' id='word_1_169' title='bbox 1018 3388 1070 3448; x_wconf 82' lang='grc' dir='ltr'><strong>τοῦ</strong></span> <span class='ocrx_word' id='word_1_170' title='bbox 1092 3381 1229 3475; x_wconf 76' lang='grc' dir='ltr'><strong><em>μεγάλα.</em></strong></span> 
     </span>
    </p>

    <p class='ocr_par' dir='ltr' id='par_1_8' title="bbox 530 3513 1815 4392">
     <span class='ocr_line' id='line_1_21' title="bbox 575 3513 1815 3605; baseline 0.005 -26"><span class='ocrx_word' id='word_1_171' title='bbox 575 3513 752 3603; x_wconf 79' lang='lat' dir='ltr'><strong>Adscriptc</strong></span> <span class='ocrx_word' id='word_1_172' title='bbox 784 3516 818 3581; x_wconf 93' lang='lat' dir='ltr'><strong>in</strong></span> <span class='ocrx_word' id='word_1_173' title='bbox 842 3515 913 3584; x_wconf 87' lang='lat' dir='ltr'><strong>cod.</strong></span> <span class='ocrx_word' id='word_1_174' title='bbox 938 3515 1019 3583; x_wconf 85' lang='lat' dir='ltr'><strong>hoec</strong></span> <span class='ocrx_word' id='word_1_175' title='bbox 1043 3522 1138 3584; x_wconf 83' lang='lat' dir='ltr'><strong>erent</strong></span> <span class='ocrx_word' id='word_1_176' title='bbox 1161 3539 1208 3585; x_wconf 87' lang='lat' dir='ltr'><strong>vs.</strong></span> <span class='ocrx_word' id='word_1_177' title='bbox 1234 3518 1315 3600; x_wconf 82' lang='lat'>610,</span> <span class='ocrx_word' id='word_1_178' title='bbox 1341 3516 1488 3582; x_wconf 84' lang='lat' dir='ltr'><strong>lemmeti</strong></span> <span class='ocrx_word' id='word_1_179' title='bbox 1511 3516 1579 3597; x_wconf 74' lang='grc' dir='ltr'><strong>οὐχὶ</strong></span> <span class='ocrx_word' id='word_1_180' title='bbox 1604 3516 1702 3597; x_wconf 79' lang='grc' dir='ltr'><strong><em>δεννά,</em></strong></span> <span class='ocrx_word' id='word_1_181' title='bbox 1728 3538 1815 3605; x_wconf 84' lang='lat' dir='ltr'><strong>quoe</strong></span> 
     </span>
     <span class='ocr_line' id='line_1_22' title="bbox 531 3648 1815 3740; baseline 0.004 -27"><span class='ocrx_word' id='word_1_182' title='bbox 531 3648 602 3715; x_wconf 89' lang='lat' dir='ltr'><strong>sine</strong></span> <span class='ocrx_word' id='word_1_183' title='bbox 613 3650 705 3735; x_wconf 84' lang='lat' dir='ltr'><strong>juste</strong></span> <span class='ocrx_word' id='word_1_184' title='bbox 721 3670 829 3736; x_wconf 82' lang='lat' dir='ltr'><strong>censs,</strong></span> <span class='ocrx_word' id='word_1_185' title='bbox 853 3673 904 3718; x_wconf 91' lang='lat' dir='ltr'><strong>me</strong></span> <span class='ocrx_word' id='word_1_186' title='bbox 920 3651 1043 3740; x_wconf 81' lang='lat' dir='ltr'><strong>judice,</strong></span> <span class='ocrx_word' id='word_1_187' title='bbox 1064 3651 1166 3719; x_wconf 90' lang='lat' dir='ltr'><strong>Ruth.</strong></span> <span class='ocrx_word' id='word_1_188' title='bbox 1185 3650 1396 3738; x_wconf 77' lang='lat' dir='ltr'><strong>transposuit.</strong></span> <span class='ocrx_word' id='word_1_189' title='bbox 1419 3650 1567 3716; x_wconf 88' lang='lat' dir='ltr'><strong>Primum</strong></span> <span class='ocrx_word' id='word_1_190' title='bbox 1583 3650 1672 3717; x_wconf 91' lang='lat' dir='ltr'><strong>enim</strong></span> <span class='ocrx_word' id='word_1_191' title='bbox 1688 3650 1815 3739; x_wconf 86' lang='lat' dir='ltr'><strong>optime</strong></span> 
     </span>
     <span class='ocr_line' id='line_1_23' title="bbox 530 3783 1814 3874; baseline 0.002 -25"><span class='ocrx_word' id='word_1_192' title='bbox 530 3784 597 3851; x_wconf 90' lang='lat' dir='ltr'><strong>illic</strong></span> <span class='ocrx_word' id='word_1_193' title='bbox 618 3806 654 3851; x_wconf 88' lang='lat' dir='ltr'><strong>sc</strong></span> <span class='ocrx_word' id='word_1_194' title='bbox 676 3785 818 3872; x_wconf 80' lang='lat' dir='ltr'><strong>hebent3</strong></span> <span class='ocrx_word' id='word_1_195' title='bbox 842 3808 912 3854; x_wconf 85' lang='lat' dir='ltr'><strong>voc.</strong></span> <span class='ocrx_word' id='word_1_196' title='bbox 937 3787 1025 3853; x_wconf 91' lang='lat' dir='ltr'><strong>enim</strong></span> <span class='ocrx_word' id='word_1_197' title='bbox 1047 3787 1148 3864; x_wconf 73' lang='grc' dir='ltr'><strong><em>μέρος</em></strong></span> <span class='ocrx_word' id='word_1_198' title='bbox 1174 3785 1303 3874; x_wconf 81' lang='lat' dir='ltr'><strong>saepius</strong></span> <span class='ocrx_word' id='word_1_199' title='bbox 1326 3784 1360 3851; x_wconf 91' lang='lat' dir='ltr'><strong>in</strong></span> <span class='ocrx_word' id='word_1_200' title='bbox 1384 3785 1503 3851; x_wconf 83' lang='lat' dir='ltr'><strong>melam</strong></span> <span class='ocrx_word' id='word_1_201' title='bbox 1518 3790 1647 3873; x_wconf 83' lang='lat' dir='ltr'><strong>partem</strong></span> <span class='ocrx_word' id='word_1_202' title='bbox 1663 3783 1814 3852; x_wconf 79' lang='lat' dir='ltr'><strong>adhiberi</strong></span> 
     </span>
     <span class='ocr_line' id='line_1_24' title="bbox 530 3919 1813 4009; baseline 0.001 -23"><span class='ocrx_word' id='word_1_203' title='bbox 530 3920 585 3986; x_wconf 87' lang='lat' dir='ltr'><strong>vix</strong></span> <span class='ocrx_word' id='word_1_204' title='bbox 610 3920 771 4008; x_wconf 87' lang='lat' dir='ltr'><strong>estquod</strong></span> <span class='ocrx_word' id='word_1_205' title='bbox 795 3921 913 3989; x_wconf 84' lang='lat' dir='ltr'><strong>eddom</strong></span> <span class='ocrx_word' id='word_1_206' title='bbox 928 3923 966 4008; x_wconf 73' lang='lat'><strong>2).</strong></span> <span class='ocrx_word' id='word_1_207' title='bbox 1014 3923 1099 3988; x_wconf 80' lang='lat' dir='ltr'><strong>Tum</strong></span> <span class='ocrx_word' id='word_1_208' title='bbox 1124 3921 1233 3987; x_wconf 84' lang='lat' dir='ltr'><strong>obstet</strong></span> <span class='ocrx_word' id='word_1_209' title='bbox 1256 3919 1343 4008; x_wconf 91' lang='lat' dir='ltr'><strong>quod</strong></span> <span class='ocrx_word' id='word_1_210' title='bbox 1369 3919 1545 3988; x_wconf 81' lang='lat' dir='ltr'><strong>scholiasta</strong></span> <span class='ocrx_word' id='word_1_211' title='bbox 1563 3920 1598 3985; x_wconf 92' lang='lat' dir='ltr'><strong>in</strong></span> <span class='ocrx_word' id='word_1_212' title='bbox 1616 3920 1813 4009; x_wconf 82' lang='lat' dir='ltr'><strong>explicatio·</strong></span> 
     </span>
     <span class='ocr_line' id='line_1_25' title="bbox 531 4053 1811 4145; baseline 0.002 -27"><span class='ocrx_word' id='word_1_213' title='bbox 531 4053 627 4119; x_wconf 90' lang='lat' dir='ltr'><strong>nibus</strong></span> <span class='ocrx_word' id='word_1_214' title='bbox 650 4076 720 4121; x_wconf 88' lang='lat' dir='ltr'><strong>voc.</strong></span> <span class='ocrx_word' id='word_1_215' title='bbox 746 4058 868 4143; x_wconf 77' lang='lat' dir='ltr'><strong>majore</strong></span> <span class='ocrx_word' id='word_1_216' title='bbox 892 4056 924 4123; x_wconf 82' lang='lat' dir='ltr'><strong>vi</strong></span> <span class='ocrx_word' id='word_1_217' title='bbox 948 4056 1132 4145; x_wconf 84' lang='lat' dir='ltr'><strong>praeditum</strong></span> <span class='ocrx_word' id='word_1_218' title='bbox 1156 4055 1421 4122; x_wconf 84' lang='lat' dir='ltr'><strong>circumscribere</strong></span> <span class='ocrx_word' id='word_1_219' title='bbox 1446 4076 1512 4122; x_wconf 92' lang='lat' dir='ltr'><strong>non</strong></span> <span class='ocrx_word' id='word_1_220' title='bbox 1536 4056 1621 4122; x_wconf 87' lang='lat' dir='ltr'><strong>solet</strong></span> <span class='ocrx_word' id='word_1_221' title='bbox 1637 4056 1811 4142; x_wconf 80' lang='lat' dir='ltr'><strong>vocabulo,</strong></span> 
     </span>
     <span class='ocr_line' id='line_1_26' title="bbox 530 4188 1812 4278; baseline 0.002 -24"><span class='ocrx_word' id='word_1_222' title='bbox 530 4188 618 4278; x_wconf 86' lang='lat' dir='ltr'><strong>quod</strong></span> <span class='ocrx_word' id='word_1_223' title='bbox 653 4191 718 4256; x_wconf 84' lang='lat' dir='ltr'><strong>rim</strong></span> <span class='ocrx_word' id='word_1_224' title='bbox 741 4191 843 4259; x_wconf 86' lang='lat' dir='ltr'><strong>habet</strong></span> <span class='ocrx_word' id='word_1_225' title='bbox 867 4193 1036 4261; x_wconf 86' lang='lat' dir='ltr'><strong>minorem.</strong></span> <span class='ocrx_word' id='word_1_226' title='bbox 1074 4191 1170 4261; x_wconf 83' lang='lat' dir='ltr'><strong>Valet</strong></span> <span class='ocrx_word' id='word_1_227' title='bbox 1194 4197 1304 4259; x_wconf 86' lang='lat' dir='ltr'><strong>cutem</strong></span> <span class='ocrx_word' id='word_1_228' title='bbox 1329 4192 1485 4275; x_wconf 62' lang='lat' dir='ltr'><strong>inspecti:</strong></span> <span class='ocrx_word' id='word_1_229' title='bbox 1514 4198 1625 4258; x_wconf 84' lang='lat' dir='ltr'><strong>contra</strong></span> <span class='ocrx_word' id='word_1_230' title='bbox 1647 4198 1812 4277; x_wconf 81' lang='lat' dir='ltr'><strong>naturam,</strong></span> 
     </span>
     <span class='ocr_line' id='line_1_27' title="bbox 532 4331 740 4392; baseline 0.014 -4"><span class='ocrx_word' id='word_1_231' title='bbox 532 4331 740 4392; x_wconf 83' lang='lat' dir='ltr'><strong>monstruosa.</strong></span> 
     </span>
    </p>
   </div>
   <div class='ocr_carea' id='block_1_3' title="bbox 574 4455 1811 4547">
    <p class='ocr_par' dir='ltr' id='par_1_9' title="bbox 574 4455 1811 4547">
     <span class='ocr_line' id='line_1_28' title="bbox 574 4455 1811 4547; baseline 0.004 -22"><span class='ocrx_word' id='word_1_232' title='bbox 574 4455 679 4527; x_wconf 78' lang='lat' dir='ltr'><strong>Sobel.</strong></span> <span class='ocrx_word' id='word_1_233' title='bbox 704 4459 785 4525; x_wconf 79' lang='lat' dir='ltr'><strong>Ros.</strong></span> <span class='ocrx_word' id='word_1_234' title='bbox 810 4461 853 4525; x_wconf 80' lang='lat' dir='ltr'><strong>od</strong></span> <span class='ocrx_word' id='word_1_235' title='bbox 874 4482 919 4529; x_wconf 85' lang='lat' dir='ltr'><strong>os.</strong></span> <span class='ocrx_word' id='word_1_236' title='bbox 944 4463 1021 4527; x_wconf 76' lang='lat'><strong><em>614.</em></strong></span> <span class='ocrx_word' id='word_1_237' title='bbox 1055 4461 1136 4539; x_wconf 80' lang='grc' dir='ltr'><strong><em>ἀξνάν</em></strong></span> <span class='ocrx_word' id='word_1_238' title='bbox 1159 4487 1187 4528; x_wconf 79' lang='grc' dir='ltr'><strong>τι</strong></span> <span class='ocrx_word' id='word_1_239' title='bbox 1211 4462 1259 4526; x_wconf 76' lang='grc' dir='ltr'><strong>καὶ</strong></span> <span class='ocrx_word' id='word_1_240' title='bbox 1277 4462 1396 4543; x_wconf 75' lang='grc' dir='ltr'><strong><em>τρνχόςε</em></strong></span> <span class='ocrx_word' id='word_1_241' title='bbox 1420 4461 1485 4527; x_wconf 72' lang='grc' dir='ltr'><strong><em>ἀντὶ</em></strong></span> <span class='ocrx_word' id='word_1_242' title='bbox 1510 4468 1561 4528; x_wconf 84' lang='grc' dir='ltr'><strong>τοῦ</strong></span> <span class='ocrx_word' id='word_1_243' title='bbox 1585 4462 1677 4543; x_wconf 79' lang='grc' dir='ltr'><strong><em>τυχόν</em></strong></span> <span class='ocrx_word' id='word_1_244' title='bbox 1698 4461 1811 4547; x_wconf 80' lang='grc' dir='ltr'><strong>(τι).</strong></span> 
     </span>
    </p>
   </div>
   <div class='ocr_carea' id='block_1_4' title="bbox 562 4914 1460 5079">
    <p class='ocr_par' dir='ltr' id='par_1_10' title="bbox 562 4914 1460 5079">
     <span class='ocr_line' id='line_1_29' title="bbox 562 4914 1086 4983; baseline 0.008 -18"><span class='ocrx_word' id='word_1_245' title='bbox 562 4915 591 4976; x_wconf 87' lang='grc'><strong>1)</strong></span> <span class='ocrx_word' id='word_1_246' title='bbox 608 4914 646 4968; x_wconf 82' lang='lat' dir='ltr'><strong>Gi.</strong></span> <span class='ocrx_word' id='word_1_247' title='bbox 664 4917 811 4967; x_wconf 80' lang='lat' dir='ltr'><strong>Buttmann</strong></span> <span class='ocrx_word' id='word_1_248' title='bbox 831 4915 875 4967; x_wconf 84' lang='lat' dir='ltr'><strong>Gr.</strong></span> <span class='ocrx_word' id='word_1_249' title='bbox 893 4916 937 4968; x_wconf 87' lang='lat' dir='ltr'><strong>Gr.</strong></span> <span class='ocrx_word' id='word_1_250' title='bbox 955 4916 1086 4983; x_wconf 68' lang='grc'><strong>51311.</strong></span> 
     </span>
     <span class='ocr_line' id='line_1_30' title="bbox 563 5008 1460 5079; baseline 0.006 -17"><span class='ocrx_word' id='word_1_251' title='bbox 563 5008 592 5073; x_wconf 79' lang='lat'><strong>2)</strong></span> <span class='ocrx_word' id='word_1_252' title='bbox 609 5009 640 5061; x_wconf 89' lang='lat' dir='ltr'><strong>E.</strong></span> <span class='ocrx_word' id='word_1_253' title='bbox 658 5026 681 5079; x_wconf 75' lang='lat' dir='ltr'><strong>g.</strong></span> <span class='ocrx_word' id='word_1_254' title='bbox 701 5010 776 5063; x_wconf 89' lang='lat' dir='ltr'><strong>Hom.</strong></span> <span class='ocrx_word' id='word_1_255' title='bbox 795 5008 843 5064; x_wconf 91' lang='lat' dir='ltr'><strong>Od.</strong></span> <span class='ocrx_word' id='word_1_256' title='bbox 860 5009 1025 5077; x_wconf 69' lang='grc'><strong>1111188,</strong></span> <span class='ocrx_word' id='word_1_257' title='bbox 1043 5010 1122 5077; x_wconf 85' lang='lat' dir='ltr'><strong>Soph.</strong></span> <span class='ocrx_word' id='word_1_258' title='bbox 1141 5011 1180 5076; x_wconf 80' lang='lat' dir='ltr'><strong>nj.</strong></span> <span class='ocrx_word' id='word_1_259' title='bbox 1197 5010 1260 5078; x_wconf 81' lang='lat'><strong>386,</strong></span> <span class='ocrx_word' id='word_1_260' title='bbox 1280 5012 1368 5078; x_wconf 78' lang='lat' dir='ltr'><strong>Autig.</strong></span> <span class='ocrx_word' id='word_1_261' title='bbox 1385 5012 1460 5067; x_wconf 85' lang='grc'><strong>1319.</strong></span> 
     </span>
    </p>
   </div>
   <div class='ocr_carea' id='block_1_5' title="bbox 1978 1042 1980 1115">
    <p class='ocr_par' dir='ltr' id='par_1_11' title="bbox 1978 1042 1980 1115">
     <span class='ocr_line' id='line_1_31' title="bbox 1978 1042 1980 1115; baseline 0 -6"><span class='ocrx_word' id='word_1_262' title='bbox 1978 1042 1980 1115; x_wconf 75' lang='lat' dir='ltr'><strong>i</strong></span> 
     </span>
    </p>
   </div>
   <div class='ocr_carea' id='block_1_6' title="bbox 0 0 2122 6055">
    <p class='ocr_par' dir='ltr' id='par_1_12' title="bbox 0 0 2122 6055">
     <span class='ocr_line' id='line_1_32' title="bbox 0 0 2122 6055; baseline 0 0"><span class='ocrx_word' id='word_1_263' title='bbox 0 0 2122 6055; x_wconf 95' lang='lat' dir='ltr'><strong> </strong></span> 
     </span>
    </p>
   </div>
  </div>
 </body>
</html>
