4234 6059
962 712 1003 786 ll

340 945 463 1030 otachar,
488 967 525 1010 vs
564 946 646 1009 1235
665 946 700 1029 ¹).
727 983 766 993 —
791 945 906 1010 Priora
930 945 1028 1011 etiam
1053 944 1094 1009 ad
1118 966 1165 1010 vs.
1189 950 1338 1010 nostrum
1363 966 1428 1011 non
1452 946 1616 1033 pertinere

340 1081 531 1167 suspicarer,
554 1081 632 1166 qnia
649 1101 720 1147 voe.
736 1083 868 1157 ἀποπρίω
884 1101 1037 1166 umquam
1055 1086 1122 1144 tam
1139 1067 1239 1145 stulte
1255 1080 1456 1167 explicatum
1473 1101 1544 1146 csse
1565 1082 1623 1147 vix

293 1246 297 1254 ⁴
341 1215 497 1281 credibile
514 1221 581 1298 est,
606 1216 667 1279 nisi
684 1216 765 1281 haec
781 1220 1007 1301 sequerentur,
1031 1235 1116 1300 quae
1133 1214 1255 1297 Ruth,
1272 1216 1454 1282 rectissime
1470 1217 1620 1283 lacunam

341 1356 509 1433 statuens,
542 1351 723 1438 supplevit:
755 1351 788 1415 τὸ
812 1351 840 1414 δὲ
863 1351 932 1428 πρίω
956 1351 985 1414 ἐν
1008 1350 1059 1429 lars
1082 1353 1122 1429 τῷ
1145 1350 1259 1423 cinnum.
1285 1349 1339 1431 <*
1361 1350 1426 1414 obri
1450 1352 1500 1417 τοῦ
1524 1352 1623 1428 ntan-

340 1492 440 1569 σοι),
465 1465 536 1550 dat’
563 1488 591 1550 ἕι
614 1494 673 1557 τοῖς
698 1484 763 1562 ἑξῆς
787 1486 878 1566 φησιν
900 1485 1053 1564 Εὐριπίδης
1082 1486 1159 1567 „tyb
1184 1485 1348 1563 estanar&
1380 1486 1565 1575 iterumque
1588 1488 1623 1553 in

340 1621 464 1685 scholio
488 1620 530 1686 ad
553 1642 600 1686 vs.
627 1621 839 1693 1229ιοῆλοι
863 1620 968 1696 γε’-πονε
990 1617 1034 1683 ὅτι
1056 1619 1090 1684 πὸ
1114 1620 1245 1699 sarapte
1261 1620 1326 1684 οέιτὶ
1342 1628 1393 1685 τοῦ
1411 1621 1560 1697 ἕξώνηποιι.
1584 1659 1620 1671 ·-

342 1755 536 1842 Symmacho
553 1756 718 1821 inventori
730 1755 815 1819 hanc
827 1754 1109 1841 interpretationis
1121 1754 1359 1821 immanitatem
1373 1756 1487 1822 tribuit
1500 1763 1622 1823 noster.

386 1890 490 1957 Schol.
523 1891 567 1955 ad
592 1912 635 1957 vs.
659 1892 758 1955 1245.
784 1890 909 1977 (Dnbn.
935 1912 965 1977 p.
991 1893 1054 1955 307
1078 1889 1099 1954 b
1125 1891 1180 1975 44)
1212 1892 1270 1970 ἐρεῖ
1300 1892 1360 1970 γὰρ
1387 1893 1517 1967 ληκύθιον
1543 1894 1623 1957 cinri-

340 2041 441 2089 λεσειε
472 2026 535 2089 ἐπεὶ
565 2028 597 2089 οὔ
629 2026 783 2105 προσέθηκε
813 2027 854 2105 τῷ
885 2027 1046 2106 ἡμιοπιχίῳ
1076 2025 1108 2089 τὸ
1131 2025 1261 2100 ληκύθιον
1285 2024 1456 2103 ἀπώλεσεν,
1482 2029 1623 2103 πεποίηκε

340 2161 389 2225 τὸν
413 2160 547 2226 Διέουοοι
569 2160 664 2238 ὥσπερ
690 2158 904 2240 ὑφορποέζοιποι
928 2160 976 2224 τὸν
1000 2161 1097 2237 λόγον.

385 2295 538 2384 Onrrnpti
572 2296 671 2381 hujus
706 2294 821 2360 scholii
855 2295 1053 2362 sententiam
1083 2295 1153 2381 jam
1185 2294 1422 2382 redintegravit
1452 2319 1482 2362 v.
1517 2298 1623 2364 Lceu·

341 2453 414 2497 wen
431 2432 457 2517 2)
482 2431 705 2498 restituendo:
729 2456 753 2494 π
760 2432 849 2511 porti
857 2456 871 2510 ρ
879 2430 954 2511 μοζ
958 2456 972 2494 s
996 2452 1054 2518 pro
1081 2430 1242 2510 προσέθηκε.

387 2566 491 2634 Sobel.
515 2568 596 2632 Rau.
625 2567 669 2631 ad
690 2588 734 2632 vs·
762 2567 858 2632 1264.
894 2567 995 2631 Φθιῶτ’
1041 2568 1191 2645 Ἀχιλλεῦ
1224 2583 1309 2632 urm:
1345 2567 1497 2648 Εὐριπίδης
1522 2568 1622 2645 ὁμοίως

341 2703 382 2767 τοὶ
417 2703 572 2782 Αἰσχύλου
606 2703 712 2783 χορικοὶ
745 2702 822 2777 μέλη
858 2686 1079 2777 διεσπασμένως
1113 2701 1195 2777 λέγει
1232 2700 1265 2777 ἐξ
1300 2700 1400 2766 ἄλλων
1437 2702 1487 2767 cci
1523 2703 1623 2767 ἄλλων

342 2838 506 2916 δραμάτων.

386 2973 460 3039 Hoc
493 2973 669 3056 scholium,
701 2973 736 3037 in
767 2971 838 3039 cod.
862 2994 909 3038 us.
936 2974 1021 3037 1285
1054 2971 1272 3058 adscriptum,
1302 2972 1405 3038 Ruth.
1430 2972 1494 3037 huc
1519 2978 1623 3040 trans·

341 3110 460 3196 posuit.
495 3109 691 3195 Perperam,
726 3129 778 3173 mc
803 3107 930 3194 jndice,
956 3107 989 3172 id
1013 3105 1101 3193 quod
1123 3128 1189 3173 vox
1212 3107 1313 3183 ὁμοίως
1337 3108 1454 3194 arguit.
1490 3107 1620 3175 Vertit:

342 3244 513 3329 Euripides
545 3245 579 3307 in
614 3243 663 3308 his
693 3250 768 3308 turn
790 3246 899 3308 recites
920 3251 1019 3328 spart
1041 3244 1127 3325 from
1152 3242 1233 3307 their
1254 3250 1377 3308 constent
1400 3238 1505 3307 chorte
1527 3243 1622 3306 mele-

341 3379 407 3445 dies
440 3379 478 3464 of
507 3370 683 3465 Aeschylus
718 3385 799 3463 etc.;
836 3384 982 3444 attamen
1013 3378 1048 3443 in
1080 3378 1279 3464 praegressis
1314 3378 1421 3442 nullos
1456 3376 1622 3464 Euripidis

341 3535 455 3580 versus
486 3513 670 3600 Aeschylus
693 3512 857 3597 laudavit,
889 3512 1009 3578 nedum
1034 3534 1053 3577 e
1078 3517 1237 3578 contextu
1261 3514 1401 3579 evulsos.
1437 3512 1477 3577 In
1500 3512 1622 3577 scholio
1706 3519 1709 3525 '

341 3649 442 3736 igitur
473 3648 733 3734 exspectaveris:
765 3649 887 3731 δικππᾷ.
923 3647 1019 3713 Hanc
1051 3647 1093 3712 ob
1125 3668 1255 3712 causam
1284 3647 1442 3712 scholium
1466 3647 1538 3712 loco
1563 3668 1623 3712 sun

342 3783 540 3850 movendum
575 3804 642 3848 non
676 3804 748 3849 esse
783 3782 909 3869 opinor.
944 3782 1114 3847 Excidisse
1139 3786 1250 3848 tamen
1273 3778 1351 3852 αὖθις
1376 3780 1429 3848 vel
1453 3782 1518 3847 talc
1544 3781 1623 3867 quid

349 4045 596 4058 ...ι-..-

374 4264 402 4332 1)
421 4265 498 4317 Hisce
515 4270 605 4317 autem
624 4266 711 4316 verbis
729 4281 743 4315 a
761 4265 860 4317 scholio
877 4270 967 4316 nostro
985 4264 1145 4328 amandatis,
1164 4263 1244 4314 aliam
1262 4277 1367 4328 quoqne
1384 4262 1465 4327 hujus
1477 4262 1527 4314 loci
1540 4263 1624 4328 expli·

341 4362 487 4425 cntionem,
512 4362 592 4411 etiam
616 4360 681 4410 alias
703 4359 736 4410 cb
758 4373 852 4410 causas
875 4358 941 4409 mihi
963 4373 1017 4409 non
1037 4358 1188 4422 probatam,
1207 4357 1300 4408 cadere
1317 4372 1423 4422 moneo,
1442 4372 1510 4423 quae
1526 4358 1624 4423 legitur

341 4456 412 4520 apud
435 4454 465 4506 0.
489 4455 634 4506 Schneider
651 4454 669 4505 l.
691 4454 707 4505 l.
731 4469 755 4518 p.
772 4452 813 4505 67.
848 4454 899 4513 Qui
916 4452 1063 4503 arbitratur
1081 4451 1270 4518 Symmachum
1288 4450 1376 4516 (cnjus
1393 4457 1496 4503 essent:
1515 4449 1574 4499 ὡσεὶ
1590 4478 1624 4489 -

341 4555 365 4599 ιν
378 4547 427 4613 ἰο-ῳ
445 4554 481 4613 τῷ
499 4545 603 4612 ὤνησαι)
621 4548 734 4609 ἀποπρίω
751 4562 797 4613 per
813 4547 1009 4613 brachylogiam
1020 4546 1137 4611 positum
1149 4561 1206 4597 esse
1218 4546 1315 4597 dixisse
1328 4561 1386 4611 pro:
1400 4543 1530 4607 πριάμενος
1542 4543 1623 4601 ἄλλην

343 4640 446 4699 λήκυθον
465 4641 523 4690 ἀντὶ
540 4644 586 4700 τῆς
604 4640 780 4706 ἀπολωλυίας,
798 4642 888 4706 itaque
905 4638 1075 4702 ἄποπρίοιπθιιι
1093 4645 1120 4691 el
1137 4639 1255 4702 πρίασθαι
1272 4640 1317 4691 hic
1334 4639 1428 4690 saltem
1445 4639 1561 4703 differre5
1580 4640 1623 4690 cui

341 4736 511 4788 scholiastam
533 4736 571 4787 ita
593 4736 747 4788 oblocutum
768 4750 825 4786 esse
842 4741 872 4785 ut
889 4736 992 4786 nullam
1009 4735 1080 4786 dicat
1097 4750 1206 4786 cansam
1222 4735 1316 4798 fnisse,
1334 4749 1382 4785 cur
1399 4732 1574 4797 Symmachus
1591 4733 1624 4783 ad

342 4831 503 4898 Aeschylum
528 4831 593 4882 illud
619 4828 732 4890 ἀποπρίω
758 4830 866 4881 tendere
892 4829 1069 4892 contenderit,
1096 4843 1187 4894 quum,
1214 4829 1283 4893 quod
1307 4827 1397 4878 statim
1415 4827 1549 4891 seqnitur:
1572 4827 1623 4891 tyb

341 4933 452 4986 πριομιιι
468 4923 538 4988 τῷδ’,
556 4925 589 4975 ad
606 4925 757 4989 Euripidem
775 4925 825 4974 ista
843 4924 939 4974 dixisse
956 4924 1102 4990 Dionysum
1118 4923 1183 4973 satis
1201 4923 1371 4973 demonstret.

376 5018 405 5083 2)
423 5018 551 5071 Mncmcs.
568 5018 601 5067 24
618 5034 642 5083 p.
659 5017 716 5068 343.
