4234 6059
972 749 1014 822 93

354 1000 421 1046 non
435 1025 438 1033 ·
454 983 515 1047 est.
562 976 679 1064 Itaque
714 999 788 1044 eum
822 976 993 1045 Dindorlio
1027 980 1130 1064 faeie,
1162 981 1218 1067 qui
1249 981 1311 1047 hoe
1342 982 1442 1052 schol.
1467 984 1567 1052 refert
1591 980 1633 1053 ad

353 1114 474 1181 lemma
496 1112 714 1197 συνακολούθει,
739 1135 785 1179 vs.
812 1115 888 1181 398.

400 1248 473 1315 Hoe
496 1249 587 1334 icoo,
611 1247 667 1314 ubi
689 1247 724 1312 in
747 1246 818 1313 cod.
843 1248 926 1315 Rev.
951 1253 1022 1314 erat
1044 1249 1100 1322 τας
1124 1250 1311 1337 terramala,
1337 1272 1379 1318 ex
1405 1253 1490 1321 Ven.
1518 1254 1634 1321 aseivit

326 1382 475 1452 ¹Birtha
510 1389 575 1449 τσῦ
609 1388 865 1463 Κεραμεικοῦ.
910 1383 952 1449 In
986 1384 1118 1449 scholiis
1153 1405 1231 1451 vcro
1267 1385 1309 1452 ad
1331 1408 1395 1455 vsa.
1423 1391 1485 1454 129
1511 1395 1544 1455 el
1571 1392 1631 1455 131

353 1517 490 1584 formam
514 1516 732 1597 Κεραμικός
757 1517 904 1586 retinuit.
950 1517 1132 1607 Equidem,
1156 1524 1194 1585 ut
1217 1521 1280 1587 sibi
1302 1527 1432 1599 constet
1456 1525 1634 1612 scriptura,

353 1653 421 1719 illic
443 1653 543 1720 etiam
565 1653 703 1719 formam
726 1652 974 1754 Κεραμεικδε
998 1653 1238 1722 restituendam
1262 1677 1334 1724 esse
1358 1658 1476 1746 opinor
1492 1660 1529 1745 ¹).

399 1788 505 1856 Schol.
528 1789 610 1856 Boc.
634 1789 678 1854 cd
699 1808 745 1856 cs.
768 1768 845 1854 404.
868 1789 890 1854 i.
907 1788 931 1855 f.
952 1789 990 1854 σὺ
1006 1791 1067 1870 γὰρ
1082 1790 1345 1872 αατασχισαμεισς
1362 1808 1447 1858 ara:
1472 1795 1635 1874 κατηρτίσω
1738 1802 1740 1808 ’

316 1979 321 1984 .
352 1924 403 1989 καὶ
426 1924 544 2006 σχιστσὶ
573 1924 752 2000 ὑποδήματα
774 1925 896 2006 <topiros
920 1925 1071 1999 ἐποίησας.

398 2060 461 2128 His
484 2059 593 2127 verbis
615 2059 650 2124 in
674 2058 746 2126 eod.
770 2058 988 2126 antecedunt:
1012 2058 1153 2147 ἢιῦτως,
1173 2083 1258 2148 quae
1274 2063 1376 2130 Ruth.
1396 2062 1516 2130 omisit.
1540 2062 1636 2130 Ridi-

353 2194 463 2262 culum
486 2199 597 2299 tamen
621 2200 672 2261 est
695 2194 737 2261 da
760 2195 906 2283 Dionyso
924 2194 1005 2280 diei,
1029 2216 1114 2283 qnae
1137 2197 1240 2264 Ruth.
1265 2198 1382 2264 vertit:
1404 2220 1469 2286 you
1482 2199 1636 2285 provided

354 2331 421 2399 aad
449 2331 541 2398 moda
571 2353 610 2397 aa
636 2352 720 2397 wear
744 2337 816 2397 loru
838 2331 944 2418 atem,
968 2336 1135 2418 tamquam
1158 2333 1230 2422 ipse
1254 2332 1334 2400 deus
1358 2317 1484 2401 calceos
1507 2334 1634 2402 laceros

355 2468 469 2554 mystis
499 2466 715 2556 praebuisset.
760 2465 874 2533 Alium
902 2467 1002 2533 etiam
1025 2468 1201 2535 verborum
1225 2468 1373 2536 ordinem
1397 2470 1634 2558 expectaveris.

352 2603 509 2669 Fortasse
542 2602 643 2669 verbu
673 2601 719 2667 sic
749 2600 900 2668 ordinare
930 2608 1091 2689 praestat:
1123 2604 1296 2685 κατεσχίσω
1323 2605 1371 2670 iai
1396 2606 1522 2683 γέλωτες
1546 2603 1635 2677 odrae

353 2740 534 2825 catapulta,
557 2739 580 2806 i.
604 2757 633 2805 e.
656 2739 701 2804 sic
716 2737 817 2822 (risus
832 2738 900 2804 scil.
916 2737 1076 2804 excitandi
1090 2741 1202 2824 cuasa)
1217 2759 1274 2806 uos
1289 2741 1460 2813 mercasti.
1484 2738 1636 2808 Deinde:

352 2875 525 2955 κατεσχίσω
548 2874 597 2940 τὸν
620 2873 832 2939 saltarum:
855 2874 972 2954 σχιστσὶ
995 2874 1179 2964 ὑποδήματα
1196 2873 1318 2957 φορέσαι
1342 2875 1490 2948 insinuat.

398 3010 503 3076 Schol.
520 3010 602 3075 Rae.
618 3009 662 3074 ad
676 3029 719 3078 oe.
737 3010 814 3074 405.
837 3006 884 3073 ἐτ’
900 3009 1051 3092 εὐτελείριτ
1076 3009 1123 3074 ε’τὶ
1140 3010 1316 3094 εὐδαιμονία,
1336 3011 1417 3091 παρὰ
1435 3008 1468 3074 τὸ
1484 3004 1516 3074 εὖ
1528 3018 1635 3078 τελεῖν.

399 3145 503 3212 Ruth.
527 3145 562 3211 in
585 3143 818 3211 annotatione:
838 3144 981 3230 perhaps
1006 3144 1056 3209 tle
1081 3145 1175 3210 latter
1198 3166 1270 3231 may
1295 3144 1381 3228 refer
1405 3151 1435 3210 to
1458 3164 1478 3208 α
1502 3144 1634 3231 readinp

354 3283 370 3346 ε’
377 3279 412 3345 τ’
446 3282 610 3346 εὐτελεῖ
616 3304 655 3367 ρ,
689 3282 723 3346 tn
758 3280 837 3346 wiclr
862 3296 932 3347 cuae
954 3280 1053 3345 τέλειε
1076 3281 1181 3346 would
1203 3281 1327 3366 repluee
1349 3286 1455 3347 rearis.
1502 3279 1636 3346 Variam

352 3415 527 3483 lectionem
550 3416 604 3482 hie
626 3414 733 3482 latere
755 3414 836 3480 mihi
860 3421 989 3503 quoque
1013 3415 1183 3503 probabile
1206 3415 1337 3482 videtur
1353 3415 1411 3484 sed
1427 3415 1635 3482 scholiastam

351 3550 471 3638 legisse
508 3551 666 3638 conjicio:
701 3549 758 3616 ἐτ’
792 3552 987 3634 allevata,
1023 3551 1134 3637 itaque
1166 3551 1440 3638 scripsisse:....
1465 3553 1571 3633 rapt
1594 3552 1634 3616 τὸ

351 3688 530 3754 εὐθενεῖν.
570 3686 621 3753 (if.
656 3686 802 3774 Hesych.
826 3709 851 3754 e.
876 3709 907 3755 v.
931 3688 1068 3751 εὐθενεῑιι
1103 3688 1249 3750 εὐσταθεῖν.
1289 3686 1343 3753 Sic
1374 3686 1475 3751 eliam
1506 3685 1635 3751 facilem

349 3823 605 3911 explicationem
634 3821 737 3889 habet
768 3844 864 3909 quam
889 3823 931 3888 ob
956 3843 1088 3888 eausam
1111 3821 1200 3888 vocis
1225 3820 1458 3907 etymologiam
1483 3819 1635 3886 librarius

333 3925 531 4037 addiderit,
568 3958 645 4044 quia
680 3958 748 4023 scil.
784 3957 887 4022 forma
917 3957 1042 4022 εὑθὲνειιι
1077 3955 1242 4022 rarissima
1266 3960 1326 4021 est.
1363 3955 1473 4020 Unum
1501 3960 1631 4020 tantum

349 4093 537 4182 exemplum
559 4093 594 4158 in
618 4091 832 4181 inscriptione
856 4091 998 4180 quadam
1022 4091 1151 4176 inveni,
1177 4090 1214 4157 (t.
1239 4090 1267 4156 Ι.
1292 4091 1331 4157 G.
1357 4091 1456 4156 5973.
1504 4090 1546 4155 In
1572 4111 1634 4155 usu

349 4250 477 4325 semper
514 4229 582 4296 fere
606 4234 684 4294 sunt
707 4228 864 4303 εὐθηιία
888 4233 940 4314 et,
975 4228 1061 4294 leste
1084 4223 1309 4293 Heruerdeno
1333 4225 1368 4291 in
1392 4226 1474 4292 Lex.
1500 4224 1632 4313 Suppl.,

347 4365 508 4451 soleam).
546 4404 589 4414 -
629 4363 724 4441 Quod
763 4364 867 4434 Ruth.
907 4363 1109 4453 suspicatur:
1148 4361 1360 4446 εὐτειεία,
1397 4360 1432 4427 id
1471 4379 1631 4448 nusquam

347 4501 504 4586 occurrit,
528 4522 636 4588 neque
652 4499 755 4587 magis
774 4500 911 4568 verbum
922 4482 1071 4567 ἐὐτέλεια
1096 4498 1279 4565 Occurrunt
1295 4496 1382 4584 apud
1397 4495 1542 4583 Hesych.
1559 4517 1586 4562 a.
1600 4517 1630 4559 v.

377 4868 406 4939 l)
423 4874 461 4926 Gi.
479 4874 561 4926 schol.
578 4875 611 4925 ad
628 4888 665 4925 vs.
682 4871 762 4937 icco,
780 4873 813 4923 ad
830 4871 877 4924 Aa.
895 4885 933 4924 rs.
949 4870 1013 4937 395,
1031 4871 1135 4923 Bekker
1152 4871 1249 4922 Anecd.
1267 4871 1301 4922 11.
1318 4885 1343 4936 p.
1360 4866 1419 4922 577.
1436 4863 1478 4920 90.
1574 4917 1576 4924 ,

376 4968 405 5033 i)
427 4969 464 5019 De
487 4968 561 5020 verbi
584 4969 667 5019 larma
691 4967 723 5019 cl.
747 4967 823 5018 Phot.
848 4981 869 5019 s.
888 4983 909 5017 v.
930 4962 1043 5017 celena:
1063 4971 1086 5018 tr
1105 4969 1141 5028 τῷ
1159 4981 1172 5014 ε
1190 4962 1300 5024 λεκτέον,
1319 4961 1380 5028 alxi
1397 4960 1518 5026 εὔθηνεῖι,
1536 4961 1628 5012 Thom-

343 5059 411 5128 Περ.
428 5077 450 5114 s.
467 5077 506 5127 r.;
524 5061 625 5113 Dobrea
647 5061 754 5113 advers.
774 5061 794 5112 Ι.
812 5076 837 5125 p.
853 5059 916 5126 3683
936 5075 960 5112 r.
978 5059 1065 5112 Herw.
1082 5058 1172 5110 Exere.
1190 5057 1255 5110 erit.
1272 5074 1297 5124 p.
1307 5055 1370 5123 147,
1388 5057 1449 5110 Lar.
1467 5055 1558 5122 Suppl.
1571 5069 1592 5107 s.
1604 5070 1628 5106 v.

1507 5148 1525 5201 3
