4234 6059
1118 705 1160 770 24

500 932 605 1009 Quam
626 929 802 996 lectionem
825 946 913 993 nunc
933 947 1046 993 rnraua
1070 925 1218 993 defendit
1241 924 1485 994 Radermacher
1500 927 1537 1014 ¹),
1560 930 1617 1016 qui
1641 930 1779 997 averbo

498 1067 568 1145 tto,
603 1063 763 1148 vincio,
798 1063 935 1129 formam
970 1061 1181 1130 derivandam
1216 1083 1288 1130 esse
1311 1063 1506 1152 auspicatur.
1544 1064 1672 1132 Vertit:
1701 1067 1785 1131 cuch

397 1200 401 1210 '
499 1225 587 1270 ιοοιιιι
605 1222 680 1267 man
702 1199 784 1266 mich
806 1200 968 1284 farcimen
988 1197 1056 1286 Tap
1073 1200 1239 1287 anaperrt.
1263 1199 1315 1266 En
1330 1199 1554 1268 infelicissima
1569 1203 1782 1288 conjectura!

551 1338 605 1404 Va.
639 1341 706 1406 279
740 1359 770 1404 v.
805 1336 972 1403 Leeuvvan
1013 1337 1138 1425 recepit
1176 1336 1356 1404 Hamakeri
1397 1338 1637 1426 conjecturam:
1673 1335 1707 1404 οὗ
1740 1340 1784 1404 τοὶ

499 1474 579 1556 tacta
599 1475 606 1562 Ι
625 1470 698 1539 εἶναι
720 1474 761 1539 τοὶ
784 1471 851 1537 δείν’
876 1471 1018 1553 ἔφασκεν,
1041 1492 1119 1562 pro:
1144 1475 1183 1537 roi
1208 1471 1274 1537 δείν’
1300 1472 1410 1556 ἔφασκ’
1435 1474 1549 1547 ἐκεῖνος.
1589 1474 1696 1541 Reate
1720 1475 1784 1540 for·

500 1617 605 1690 taase;
638 1632 735 1699 quom
762 1615 872 1676 tamen
896 1607 1022 1676 confert
1044 1630 1091 1676 vs.
1117 1610 1182 1674 275
1208 1608 1372 1675 infirmum
1396 1613 1525 1676 tantum
1549 1615 1780 1698 argumentum

499 1748 645 1838 praebet.
693 1745 801 1813 Sahal.
836 1745 922 1810 Van.
957 1743 997 1810 ad
1032 1741 1120 1811 hunc
1154 1765 1202 1813 vs.
1233 1744 1387 1812 exhibet:
1419 1745 1484 1810 dari
1509 1751 1560 1811 τοῦ
1584 1746 1598 1811 ὃ
1623 1750 1784 1832 Ἡρακλῆς,

500 1906 543 1951 ex
566 1883 684 1970 quibua
699 1885 836 1969 apparet
851 1879 1058 1947 scholiastam
1075 1879 1128 1945 hic
1144 1901 1274 1968 quoque
1290 1901 1470 1970 pronomen
1487 1882 1521 1947 in
1539 1886 1635 1948 textu
1650 1883 1783 1970 legisse,

501 2041 529 2088 a.
553 2041 584 2107 g.
609 2038 684 2106 pro:
708 2011 756 2090 οὓς
779 2017 882 2095 ἔλεγεν
905 2019 974 2093 ἡμῖν
995 2015 1132 2104 legerit:
1156 2011 1202 2090 οὓς
1226 2017 1329 2094 ἔλεγεν
1351 2013 1472 2090 οὗτος.

545 2154 650 2224 Sahal.
674 2154 754 2221 Boo.
778 2152 823 2218 ad
844 2173 889 2218 vs.
912 2154 988 2221 286.
1036 2149 1096 2217 ὅθεν
1131 2153 1300 2218 attotam
1337 2158 1387 2219 τοῦ
1422 2151 1534 2239 ψόφου,
1573 2155 1677 2220 ἐκεῖθεν
1714 2152 1785 2233 ἄγει

500 2295 550 2361 aei
574 2290 740 2374 προβάλλει
766 2289 851 2365 (τὸν
876 2289 1043 2365 sentiat).

548 2429 583 2496 Si
607 2426 710 2495 Ruth.
736 2424 902 2512 sequimur
925 2444 1007 2512 opus
1031 2427 1082 2490 est
1105 2424 1214 2492 verbis
1231 2445 1314 2512 quac
1330 2425 1465 2493 inserui.
1489 2425 1642 2493 Praestat
1660 2431 1785 2512 tamen,

505 2585 558 2630 me
577 2561 707 2650 judice,
733 2584 752 2628 a
774 2558 1048 2650 praecedentibus
1072 2559 1154 2626 haec
1177 2581 1244 2627 non
1268 2581 1438 2628 aeternare
1462 2560 1574 2649 itaque
1597 2562 1727 2650 legere:
1751 2566 1787 2637 ὡς

501 2699 688 2780 φοβούμενος
713 2698 847 2771 Διόιοοος
870 2702 972 2764 caira
996 2695 1090 2773 λέγει·
1113 2694 1173 2762 ὅθεν
1190 2695 1357 2762 οἷοθοένετοιι
1377 2735 1417 2747 -
1435 2695 1599 2779 προβάλλει
1614 2698 1787 2774 (adada)

548 2835 652 2902 Sahal.
687 2834 731 2900 ad
764 2855 808 2901 aa.
832 2835 909 2901 291.
945 2832 1069 2915 (Dribn.
1095 2854 1126 2919 p.
1152 2834 1216 2898 283
1243 2832 1273 2900 b.
1302 2835 1354 2918 15)
1389 2831 1455 2917 φέρ’
1481 2834 1528 2899 ἐπ’
1553 2835 1644 2910 αὐτὴν
1664 2834 1713 2900 ia:
1750 2837 1787 2907 ὡς

502 2975 689 3054 caramancio
715 2975 765 3036 τοῦ
790 2968 927 3035 Διονύσου
951 2967 1127 3042 ἐπιτηδείως.

546 3107 628 3174 Vco.
663 3105 835 3188 κοτοφεοής
871 3104 924 3171 hic
958 3104 1085 3171 valere:
1120 3104 1233 3189 actua,
1267 3103 1479 3171 manifestum
1515 3110 1575 3173 est.
1637 3106 1689 3172 De
1725 3105 1787 3171 hac

503 3248 613 3307 tamen
651 3240 806 3327 adjectivi
841 3240 1080 3328 significatione
1114 3239 1320 3326 Phrynichus
1357 3240 1443 3329 apud
1479 3240 1562 3308 Lch.
1593 3264 1624 3330 p.
1649 3243 1714 3308 439
1739 3241 1789 3306 ita

499 3376 644 3462 judicat:
676 3377 723 3440 ἐπὶ
752 3381 808 3440 τῶν
831 3375 899 3455 πρὸς
923 3374 1079 3458 donatista
1103 3374 1275 3441 οέκολοὶοτοι
1300 3377 1435 3455 λέγουσιν
1460 3379 1484 3442 οἱ
1510 3377 1630 3463 πολλοὶ,
1655 3377 1788 3457 οὐδαμῶς

504 3510 575 3576 οὕτω
591 3517 646 3575 τῶι
661 3510 783 3588 δοκίμων
798 3511 963 3592 χρωμένων.
988 3510 1031 3578 ut
1049 3516 1137 3578 recte
1154 3512 1286 3598 quidem
1303 3512 1378 3597 ille3
1403 3533 1502 3578 unum
1521 3517 1650 3579 tantum
1666 3514 1787 3598 locum,

506 3645 562 3712 ubi
594 3645 715 3712 nudum
745 3646 944 3734 adjectivum
969 3653 1155 3736 usurpatur,
1179 3648 1309 3732 inveni,
1340 3649 1409 3717 soil.
1433 3649 1530 3737 Diog.
1555 3649 1666 3715 Laert.
1691 3651 1786 3716 440:

504 3782 720 3864 φιλομειράκιός
751 3809 784 3849 τι
819 3779 850 3858 ἦν
884 3783 933 3848 κιο)
970 3785 1153 3868 saramania.
1199 3784 1377 3851 Praeterea
1400 3784 1508 3873 haym.
1544 3785 1589 3852 M.
1605 3808 1645 3874 ·p.
1685 3787 1783 3854 7253

506 3924 632 3987 exstat:
658 3919 873 4002 Ἀπολλοᾞωρος
897 3919 926 3984 δι’
953 3928 1128 4003 daciam...
1154 3925 1209 3984 τῶι
1234 3922 1366 4001 cimolos
1391 3921 1465 3994 τινὲς
1488 3921 1556 3994 τοὺς
1578 3923 1716 4003 adsparsit
1737 3921 1786 3988 κοοὶ

505 4065 684 4139 acroama}
707 4054 794 4128 οὕτως
819 4055 962 4134 λέγουσιν.
995 4055 1045 4122 Ex
1070 4054 1158 4123 vocis
1183 4056 1419 4144 compositione
1441 4058 1518 4123 olim
1534 4056 1567 4125 id
1585 4058 1786 4146 significasse

506 4195 614 4281 patet:
633 4193 803 4278 proclivia,
828 4191 946 4258 deinde
970 4190 1161 4279 improprie:
1186 4192 1311 4258 deditus
1334 4193 1433 4258 alicui
1448 4194 1503 4259 rei.
1530 4193 1572 4259 Et
1590 4215 1785 4281 quamquam

507 4350 635 4416 semper
657 4328 691 4393 in
712 4330 830 4395 malam
845 4334 972 4416 partem
989 4328 1191 4416 adhibitum,
1217 4329 1257 4395 de
1274 4349 1308 4395 re
1326 4350 1467 4396 venerea
1482 4329 1658 4418 praecipue
1675 4335 1786 4396 tamen

507 4467 541 4530 in
566 4486 627 4530 usu
650 4465 749 4531 fuisse
773 4487 933 4554 nusquam
957 4470 1103 4552 apparet.
1129 4466 1167 4533 ef.
1192 4466 1280 4531 Plut.
1306 4464 1405 4532 Alex.
1430 4468 1490 4559 233
1527 4467 1700 4549 κοιτοιφειλς
1717 4465 1787 4544 πρὸς

507 4598 585 4686 οἶνον,
611 4600 711 4666 achal.
736 4599 777 4665 ad
802 4622 849 4666 va.
874 4603 959 4666 838:
997 4602 1170 4684 κοιτιοφερὶις
1194 4602 1233 4673 εἷς
1257 4602 1419 4670 συνουσίαν.
1457 4600 1664 4690 Quapropter
1680 4598 1788 4687 adjec-

541 5037 568 5100 i)
587 5038 683 5089 Rhsin.
702 5037 767 5088 Mus.
785 5036 817 5086 27
835 5052 860 5108 p.
877 5035 934 5086 478.

1939 267 1956 595 i

1951 744 1962 825 i

1950 892 1973 1041 t
