4234 6059
1121 729 1164 792 28

502 952 610 1018 culum
655 949 835 1016 Xanthiam
869 948 1014 1016 indicare
1049 948 1225 1016 verisimile
1260 955 1359 1038 puto,
1395 954 1432 1014 ut
1464 951 1509 1015 sic
1543 950 1698 1016 benevoli
1734 952 1784 1017 sui

502 1087 603 1153 animi
645 1089 746 1174 atque
787 1084 906 1153 amoris
949 1084 991 1152 de
1027 1086 1108 1152 hero
1148 1084 1277 1150 solliciti
1311 1084 1516 1152 luculentum
1551 1084 1783 1153 documentum

502 1227 611 1288 astute
642 1222 766 1289 afferat.
813 1220 1001 1287 Admodum
1035 1221 1155 1288 festiva
1186 1221 1348 1309 oppositio
1372 1220 1506 1309 insuper
1529 1222 1675 1287 nascitur
1697 1223 1785 1288 inter

502 1358 599 1424 deum
623 1363 713 1425 metu
736 1357 1013 1446 expallescentem
1036 1358 1097 1442 (vs.
1122 1358 1200 1441 307)
1225 1361 1259 1422 et
1282 1377 1412 1422 servum
1436 1356 1574 1423 eandem
1592 1357 1634 1422 ob
1652 1378 1783 1423 oausam

501 1492 708 1580 aliquatenus
751 1494 989 1560 rubescentem.
1047 1492 1137 1560 Fieri
1177 1497 1288 1559 autem
1323 1497 1433 1581 potest
1469 1497 1506 1557 ut
1542 1493 1642 1560 schol.
1679 1493 1781 1559 Van:

500 1630 676 1711 ἐκκαλύψας
698 1629 731 1695 τὸ
755 1629 856 1694 αἰδοῖον
879 1624 944 1692 εἶπε
967 1633 1070 1712 τοῦτο,
1103 1626 1144 1693 ad
1168 1632 1285 1714 poetae
1310 1632 1453 1694 mentem
1477 1629 1722 1716 penetraverit,
1745 1634 1783 1694 ut

499 1771 577 1854 pote
600 1764 642 1831 ab
666 1763 906 1830 obscenissimis
924 1761 1056 1829 minime
1074 1761 1299 1848 abhorrentis,
1311 1802 1351 1812 -
1370 1764 1559 1830 Leeuvveuii
1577 1763 1778 1829 versionem:

499 1908 534 1967 ot
555 1901 694 1987 pallium
718 1907 806 1965 tuum
828 1900 877 1965 cel
899 1901 1033 1965 nimium
1055 1899 1188 1966 colorem
1211 1901 1363 1986 sumpsit,
1396 1920 1527 1986 prorsus
1551 1898 1684 1986 rejicio;
1710 1920 1779 1964 voc.

500 2036 588 2104 enim
617 2041 669 2102 σοῦ
699 2036 928 2125 praetermisit.
976 2035 1140 2102 Kockium
1173 2056 1301 2123 sequor,
1326 2036 1380 2124 qui
1405 2035 1681 2125 praepositionem
1707 2035 1778 2114 ὑπὲρ

500 2194 574 2239 oum
596 2178 646 2238 τοῦ
664 2171 869 2259 jungendam
894 2193 965 2238 esse
988 2177 1103 2237 censet
1119 2172 1154 2258 ¹).

543 2307 648 2376 Sobel.
672 2309 716 2374 od
738 2330 782 2374 oc.
806 2311 883 2373 320.
929 2307 1054 2393 (Diibn.
1091 2329 1123 2395 p.
1149 2308 1260 2374 284b.
1285 2309 1342 2393 26)
1363 2307 1461 2409 ,danao
1498 2306 1666 2387 Διάγορας;
1681 2355 1780 2372 .....

498 2441 557 2511 ὅθεν
594 2443 644 2508 καὶ
682 2445 706 2509 ci
746 2444 933 2519 Ἀθηναῖοι..
1042 2442 1219 2524 ἀνεκήρυξαα
1259 2445 1299 2525 τῷ
1338 2445 1392 2521 μὲν
1426 2442 1606 2524 ἀναιρήσοντι
1644 2442 1780 2523 ἀργυρίου

499 2578 656 2657 πάλαιτον,
678 2580 718 2660 τῷ
742 2578 771 2643 δὲ
794 2576 889 2659 ζῶντα
911 2579 1065 2655 κομίσαντι
1089 2578 1146 2645 δύο.

544 2713 697 2800 Oorrige:
731 2715 1006 2796 ἀναιρήσοντι.
1054 2713 1176 2781 Αοτ.Ι
1210 2713 1309 2781 etiam
1344 2713 1467 2801 legitur
1490 2713 1690 2803 Thesmoph.
1716 2717 1777 2781 761

499 2848 539 2915 of.
573 2848 682 2936 Etym.
716 2849 761 2916 Μ.
797 2872 829 2938 p.
866 2852 941 2933 777,
979 2851 1031 2916 52.
1081 2849 1278 2938 Saepissime
1312 2850 1348 2914 in
1384 2849 1566 2916 recentiore
1600 2850 1780 2936 graecitate

498 2984 683 3071 adhibetur,
715 3005 911 3074 quamquam
934 2984 1059 3073 Phryn.
1085 2983 1171 3072 apud
1197 2985 1279 3050 Lob.
1304 3006 1334 3072 p.
1362 2987 1425 3050 716
1450 2985 1546 3051 dicit:
1583 2983 1780 3066 ὑπεξαιρῆσαι

497 3121 562 3186 ἀντὶ
598 3127 648 3187 τοῦ
683 3120 824 3198 desistis
862 3121 1069 3196 ἀνελλάνιστόν
1110 3121 1181 3186 ἐστι.
1218 3122 1341 3186 καθόλου
1376 3122 1435 3201 vaip
1470 3127 1525 3185 τῶν
1560 3121 1607 3186 διά
1643 3120 1676 3186 τὸ
1712 3122 1779 3198 αἱρῶ

497 3256 719 3336 περισπωμένων
753 3254 890 3337 ῥααάσωα
923 3251 977 3320 οἷον
1000 3257 1142 3342 καάαιρῶ,
1174 3257 1280 3335 ἀναιρῶ
1306 3304 1402 3323 .....
1428 3255 1594 3320 ἐκλέλοιπεν
1629 3256 1778 3336 inperce

496 3391 635 3470 ἀόριστος.
683 3391 756 3467 Qua
790 3391 831 3457 de
865 3412 963 3456 causa
985 3391 1120 3457 Lobeclr
1143 3413 1274 3458 versum
1298 3413 1341 3458 ex
1363 3392 1561 3480 Thesmoph.
1585 3391 1721 3458 allatum
1743 3390 1779 3454 in

497 3525 750 3593 controversiam
786 3525 921 3591 adduxit
958 3546 1099 3614 eumque
1134 3532 1240 3593 totum
1278 3528 1424 3615 spurium
1449 3528 1501 3595 vel
1525 3527 1613 3594 aliud
1638 3527 1777 3593 verbum

495 3659 719 3750 quaerendum
743 3682 813 3727 esse
836 3661 1012 3728 arbitratur
1027 3662 1065 3746 2).

541 3797 645 3866 Sobel.
680 3798 761 3866 Bao.
797 3798 840 3863 ad
874 3819 917 3863 oa.
950 3800 1027 3866 324.
1063 3799 1132 3883 (alt.
1158 3799 1271 3886 schol.)
1295 3801 1502 3878 πολυτιμήτοις
1526 3802 1555 3864 ἕν
1578 3797 1670 3880 ἕδραις
1691 3814 1777 3868 arta

495 3935 565 3999 uadi
598 3934 814 4016 Φιλοτιμόσεροί
844 3934 913 3999 εἶσιν
943 3936 967 3999 σι’
999 3919 1178 4014 responsalia
1209 3938 1238 4000 iv
1270 3935 1369 4001 Ἅιδου
1403 3937 1438 4008 ὡς
1471 3935 1568 4018 σαφὲς
1592 3941 1669 4000 ποιεῖ
1689 3935 1717 3998 ἐν
1739 3943 1777 4016 τῇ

494 4070 613 4150 Εἲράιρε
637 4069 683 4132 δεῖ
702 4068 761 4148 γάρ
784 4068 928 4146 μυηθῆναί
949 4095 989 4148 με
1012 4070 1078 4151 πρὶν
1102 4069 1274 4145 τεθνηκέναι.

540 4203 671 4270 Haereo
694 4204 729 4269 in
752 4204 977 4285 Φιλοτιμότεροι.
1023 4204 1127 4272 Ruth.
1154 4206 1253 4272 tacite
1277 4207 1394 4272 vertit:
1421 4227 1476 4272 ore
1499 4205 1573 4271 tezo
1594 4206 1628 4272 ιἰι
1649 4211 1777 4293 preater

495 4338 627 4417 honour,
652 4339 708 4426 qui
731 4360 846 4405 sensus
869 4346 958 4406 certe
983 4341 1180 4429 requiritur3
1207 4341 1356 4407 inaudita
1381 4347 1491 4408 tamen
1515 4342 1596 4409 haec
1620 4340 1776 4427 adjectivi

495 4473 586 4539 notio
624 4473 703 4538 milri
741 4480 801 4540 est.
841 4475 881 4542 cl.
918 4497 965 4543 vs.
1006 4478 1081 4542 678.
1127 4477 1281 4543 Fortasse
1316 4476 1542 4565 reponendum
1580 4483 1644 4543 est:
1684 4477 1775 4541 καθὸ

494 4613 656 4689 Φιλοῖισι
703 4608 923 4691 τιμιώτεροι
972 4606 1074 4676 εἶναι
1113 4610 1166 4677 vel
1204 4613 1295 4678 καθὸ
1336 4611 1669 4692 canceraremur!
1706 4612 1776 4676 εἰσιν

496 4812 741 4820 *—

526 4948 554 5013 l)
572 4948 611 5001 cf.
628 4947 707 5013 Soph.
725 4948 814 5014 Antig.
832 4947 877 5013 82,
896 4947 989 5000 Aeacii.
1007 4949 1079 5012 Sept.
1096 4948 1153 5000 290.

525 5039 707 5107 leroposuil
725 5039 889 5108 σοιἰξενάρατο
907 5043 1008 5108 Bergk,
1027 5040 1183 5114 διεχρήσατο
1201 5043 1335 5108 Mainake,
1354 5042 1524 5116 ἀπεχρήσατο
1547 5059 1570 5094 v.
1590 5043 1728 5103 Loeuwen,
