4234 6059
944 735 982 798 11

324 961 537 1046 perspexerat
560 954 834 1043 quemadmodum
857 955 957 1022 irater
980 957 1043 1022 sibi
1066 955 1228 1023 illuderet.
1275 957 1392 1046 Itaque
1415 957 1457 1024 ad
1483 959 1606 1026 variam

324 1093 499 1159 lectionem
531 1091 691 1157 scholium
722 1096 867 1178 spectat,
901 1091 984 1158 nihil
1014 1091 1104 1159 aliud
1128 1099 1287 1181 superest.
1335 1093 1503 1161 Scholium
1528 1116 1605 1182 ergo

325 1228 470 1316 suppleri
500 1225 621 1293 debere
652 1231 690 1291 ut
713 1247 845 1293 sensum
869 1227 1045 1315 praebeat,
1078 1233 1224 1317 apparet.
1271 1229 1382 1296 Verba
1406 1230 1608 1318 suppletoria

326 1384 370 1430 ex
394 1363 481 1432 Ven.
506 1383 617 1448 sume,
652 1362 733 1429 baec
758 1363 825 1430 fere
848 1364 1045 1432 restituens:
1082 1365 1192 1438 <τιοὲς
1216 1365 1244 1430 δὲ
1268 1365 1415 1448 γριίφιυσι
1439 1364 1514 1442 είιρτε
1540 1367 1607 1453 (vel

324 1501 434 1588 potius
464 1520 538 1566 cum
562 1499 742 1566 Fritzechio
766 1497 838 1586 ἵετε)
861 1500 927 1566 cirri
952 1507 1003 1566 τοῦ
1025 1500 1153 1584 οίφείιρτε
1177 1501 1361 1587 (ιίφίετε)>.
1396 1507 1483 1568 τοῦτο
1507 1526 1605 1583 γυοιρι·

324 1636 449 1717 μώτερσυ
472 1657 500 1700 κ.
525 1661 551 1701 τ.
574 1649 604 1702 λ.
639 1612 838 1723 Annotator,
874 1636 930 1723 qui
964 1636 1035 1724 ipse
1070 1635 1157 1724 apud
1192 1641 1324 1724 poetam
1360 1636 1485 1724 legerat
1516 1633 1606 1723 εἶναι,

324 1772 406 1837 haec
441 1768 535 1836 dicit:
572 1770 719 1838 Verbum
753 1766 825 1836 εἶναι
861 1770 1029 1864 ᾶυρίίοουι
1056 1770 1310 1858 explicationem
1334 1771 1497 1858 admittit,
1532 1774 1609 1862 quia
1713 1867 1714 1870 Ἴ

325 1927 398 1972 cum
434 1905 482 1992 ei,
517 1929 537 1973 a
570 1927 634 1994 quo
669 1907 800 1994 signum
835 1906 905 1972 deri
940 1907 1086 1994 oportuit
1122 1908 1234 1993 (sensu
1265 1909 1397 1994 activo),
1432 1912 1501 1974 tum
1526 1909 1605 1997 ipsis

325 2041 510 2108 cursoribus
541 2043 654 2128 (sensu
676 2041 823 2127 mediati)
846 2063 866 2108 a
890 2042 1130 2130 spectatoribus
1153 2043 1364 2110 inclamatum
1390 2065 1461 2110 esse
1485 2049 1605 2133 potest.

326 2178 431 2254 Quam
465 2178 714 2265 ambiguitatem
748 2177 846 2244 lectio
881 2174 940 2243 ίετε
964 2177 1068 2258 tollit,
1092 2176 1253 2265 siquidem
1277 2179 1412 2266 pluralis
1436 2179 1539 2246 forme
1562 2179 1604 2245 ad

324 2315 412 2401 ipsos
435 2335 582 2381 cursores
605 2314 801 2381 vocabulum
826 2312 939 2379 referri
963 2312 1118 2381 ostendit.

374 2447 479 2518 Sobel.
504 2449 584 2518 Rcv.
609 2450 818 2518 adca134.
865 2449 906 2515 In
930 2448 1001 2517 cod.
1025 2450 1107 2516 haec
1130 2455 1225 2516 sunt:
1249 2450 1422 2534 ἐγκεφάλου
1446 2452 1507 2532 ίρίιι
1530 2450 1607 2518 tto:

325 2585 519 2666 Ἀρίσταρχος
551 2584 620 2663 πρὸς
651 2584 685 2650 τὸ
715 2586 825 2665 σχιρμοί
855 2591 929 2667 φιρσι
960 2591 1011 2650 τοῦ
1042 2587 1233 2665 ε’γκεφοίλου·
1268 2584 1330 2651 ἔστι
1358 2587 1418 2668 γίιρ
1442 2585 1536 2668 ὥσπερ
1559 2585 1606 2652 δύο

324 2720 387 2801 ίρία
422 2718 613 2798 συγκείμενα.
648 2720 711 2799 ίρία
745 2719 775 2784 δὲ
808 2720 849 2785 τοί
883 2727 936 2794 τῆς
973 2730 1063 2796 συκῆς
1097 2721 1215 2803 φύλλα·
1247 2722 1296 2787 καί
1320 2722 1360 2787 roi
1383 2723 1446 2802 ίρία
1468 2721 1497 2785 et
1520 2720 1608 2795 οἷίτυς

330 2854 516 2937 σκευοίζεται.
551 2854 675 2934 λέγεται
709 2854 738 2919 δὲ
772 2856 833 2919 ciart
864 2860 916 2921 τοῦ
938 2857 1137 2922 κατειλεῖσθαι
1161 2863 1220 2930 τοῖς
1244 2865 1296 2932 τῆς
1319 2865 1408 2932 συκῆς
1432 2855 1567 2939 φύλλοις.
1591 2858 1607 2930 ἡ

325 2989 354 3055 δὲ
379 2990 524 3057 σκευασία
547 2990 609 3056 ἐστὶ
626 2990 732 3076 στέαρ,
755 2990 842 3071 μέλι,
866 2991 926 3072 dir,
953 2991 1120 3070 σεμίδαλις.
1137 2991 1248 3058 εἰώθασι
1265 2991 1294 3056 δὲ
1310 2990 1359 3056 καί
1376 2991 1424 3056 τὸυ
1440 2990 1608 3071 ἐγκέφαλον

324 3127 419 3191 ὅττοῖν
442 3128 672 3201 κατειλήσαντες
697 3134 754 3199 τοῖς
778 3133 830 3201 τῆς
853 3134 942 3202 συκῆς
965 3126 1109 3210 φύλλοις·
1135 3127 1151 3203 ἢ
1175 3127 1256 3204 μετὰ
1279 3134 1332 3202 τῆς
1355 3124 1451 3201 ἄλλοις
1467 3132 1518 3192 τοῦ
1534 3125 1605 3207 ίρίου

325 3270 511 3338 κατασκευῆς
535 3262 552 3337 ἢ
576 3261 625 3328 καί
650 3261 744 3339 μίτον.
769 3260 838 3342 τορὸς
862 3259 876 3326 d
900 3261 950 3327 καί
975 3262 1119 3343 ταρέίιρκε
1145 3263 1178 3328 τὸ
1201 3262 1280 3343 ίρίου.

369 3398 560 3486 Depravata
594 3398 676 3464 baec
711 3418 783 3464 ease
817 3419 915 3466 nemo
950 3419 1017 3465 non
1051 3384 1154 3464 videt.
1189 3397 1337 3464 Permire
1370 3402 1480 3465 autem
1504 3398 1607 3465 Ruth.

324 3534 406 3603 haec
435 3534 483 3603 ita
507 3533 668 3621 disponit:
704 3533 901 3616 Ἀρίσταρχος
928 3571 970 3582 -
994 3533 1187 3611 συγκείμενα·
1208 3532 1214 3622 ί
1233 3531 1346 3598 είιίίασι
1359 3569 1397 3583 -
1415 3534 1558 3614 παρέίιρκε
1575 3533 1608 3599 τὸ

324 3668 386 3746 ίρίου
410 3668 484 3756 (pro
508 3667 605 3755 ίρίου.)
626 3666 632 3757 Ι
653 3669 693 3734 τοὶ
719 3669 780 3751 ίρία
796 3667 884 3741 οὕτως
900 3667 1086 3750 σκευοίζεται.
1108 3670 1113 3753 Ι
1133 3669 1196 3750 ίρία
1213 3668 1254 3733 τοί
1271 3676 1323 3743 τῆς
1339 3675 1428 3743 συκῆς
1444 3667 1564 3751 φιίλλα.
1584 3668 1592 3754 Ι

324 3802 392 3890 (τί
408 3803 514 3891 ίρίου)
528 3803 652 3881 λέγεται
666 3841 711 3854 -
726 3803 869 3886 φύλλοις,
888 3802 1006 3870 deinde
1023 3802 1143 3868 lacuna
1158 3805 1300 3868 statuta:
1326 3801 1432 3884 <ίρίοι
1495 3812 1528 3881 >
1546 3805 1563 3879 ἡ
1579 3801 1608 3867 δὲ

324 3939 468 4004 σκευασία
494 3977 535 3988 -
559 3939 723 4018 σεμίδαλις.
772 3938 863 4015 Quae
886 3939 972 4005 bene
995 3939 1102 4005 locata
1126 3939 1172 4004 sic
1197 3960 1263 4004 non
1287 3958 1358 4004 esse
1382 3942 1518 4025 apparet
1534 3959 1608 4004 cum

325 4095 343 4141 e
367 4075 491 4142 verbis:
524 4075 637 4142 είοίίασι
659 4074 709 4140 καὶ
734 4075 782 4140 τοι
805 4073 975 4152 ἐγκέφαλοι
998 4076 1113 4158 σ’ττιῖι,
1138 4073 1256 4161 quibus
1279 4073 1362 4139 alius
1386 4073 1516 4159 generis
1537 4074 1609 4156 ίρίου

325 4209 501 4298 descriptio
532 4210 726 4278 antecedere
752 4209 868 4295 debet,
894 4215 963 4274 tum
987 4230 1030 4275 ex
1052 4208 1122 4277 his:
1161 4210 1239 4287 μετα
1263 4217 1315 4284 τῆς
1339 4207 1434 4285 ἄλλος
1459 4215 1510 4275 τοῦ
1531 4201 1607 4290 Ιίρίου

324 4353 528 4428 κατασκευῆς,
554 4367 639 4434 quae
663 4347 780 4430 etiam,
805 4357 842 4411 ut
865 4344 964 4431 hujus
980 4345 1045 4411 cibi
1062 4344 1253 4433 compositio
1270 4349 1368 4412 antea
1389 4345 1539 4432 exposita
1556 4344 1609 4429 sit,

281 4539 284 4544 .
325 4482 502 4569 postulant.
540 4481 612 4557 Qua
636 4480 677 4548 de
701 4501 799 4548 causa
821 4482 972 4547 lacunam
996 4482 1096 4548 etiem
1120 4481 1273 4547 statuerit
1289 4480 1415 4560 Rutu,
1440 4502 1507 4547 non
1523 4501 1610 4548 asse·
1656 4483 1664 4502 '

325 4638 406 4703 quor
440 4636 548 4703 neque
583 4616 687 4703 magis
723 4616 801 4704 quid
825 4617 970 4705 suppleri
995 4615 1115 4683 debeat
1138 4621 1196 4683 aut
1212 4617 1326 4703 possit.
1365 4617 1610 4704 Supervacuum

326 4751 412 4816 enim
448 4750 511 4818 erit
545 4752 688 4818 inserere
712 4751 824 4829 ἔδεσμα
848 4753 900 4819 vel
924 4752 990 4818 tale
1014 4751 1115 4840 quid,
1149 4772 1223 4816 cum
1246 4771 1265 4817 e
1289 4755 1448 4817 contextu
1473 4749 1513 4817 de
1537 4750 1610 4818 cibo

326 4885 466 4974 quodam
500 4889 602 4956 verba
639 4887 711 4954 fieri
748 4888 828 4954 satis
851 4894 1019 4976 appareat.
1058 4886 1164 4953 Multo
1187 4886 1295 4953 lenius
1318 4887 1425 4952 locum
1448 4885 1609 4972 corrigere

325 5021 406 5089 mihi
440 5022 564 5112 videor,
600 5024 774 5090 verborum
800 5023 915 5092 ordine
940 5028 1088 5114 servato,
1117 5023 1179 5088 hoo
1204 5022 1319 5092 modo:
1347 5020 1541 5109 Ἀρίσταρχος
1565 5059 1608 5072 ·-
