4234 6059
1138 708 1179 771 58

565 928 669 996 Scluat.
693 926 773 996 Rau.
797 928 842 993 ud
862 950 906 996 os.
931 931 1007 997 864.
1054 928 1124 995 κᾶτι
1156 928 1244 1007 μάλα
1276 932 1325 997 τὸν
1356 946 1442 999 aaa:
1475 931 1541 997 ciust
1578 932 1636 1014 ἔφη
1673 932 1742 1015 ,sal
1773 931 1805 997 ὃν

519 1064 664 1144 musteis
686 1066 826 1145 Τήλεφον
849 1064 889 1136 εἷς
910 1064 998 1141 μέσον
1020 1064 1145 1147 Φέρων”.

564 1199 619 1265 Sia
642 1198 734 1265 Roth
769 1219 847 1287 prot
869 1198 965 1280 φέρω,
991 1198 1090 1267 Dind.
1114 1200 1194 1283 Φέρε.
1219 1200 1455 1291 Unusquisque
1480 1201 1624 1286 ultimis,
1649 1205 1689 1275 εἰς
1715 1203 1806 1280 μέσον

519 1334 631 1419 φέρων,
660 1334 768 1401 locum
799 1334 853 1401 hic
884 1355 950 1399 non
981 1354 1052 1401 esse
1080 1335 1249 1403 concedet.
1285 1336 1388 1403 Nihili
1411 1338 1493 1404 haec
1517 1343 1595 1403 sunt
1618 1359 1680 1405 neo
1704 1338 1800 1403 facila

518 1468 733 1557 intellegitur,
757 1470 812 1556 qui
836 1468 878 1535 ad
902 1475 1019 1557 poetae
1043 1469 1161 1554 verba,
1184 1490 1269 1558 quae
1294 1492 1381 1537 nunc
1404 1471 1561 1559 legimus,
1586 1471 1701 1538 addita
1730 1494 1801 1539 esse

519 1604 656 1692 possint.
692 1605 858 1672 Grauioris
891 1605 963 1671 uitii
997 1604 1084 1694 apud
1120 1606 1227 1694 ipsum
1262 1612 1393 1695 poetam
1428 1608 1586 1674 indicium
1619 1608 1702 1675 haec
1726 1630 1802 1673 aon·

519 1742 625 1808 tinere
660 1740 739 1806 mihi
774 1739 935 1808 uidentur.
978 1740 1177 1820 Eritusehio,
1215 1741 1343 1808 Koehio
1379 1741 1562 1831 ceterisque
1598 1743 1801 1821 tacentibus,

520 1897 551 1944 ν.
574 1876 741 1941 Laeuweu
776 1875 811 1940 in
835 1897 910 1942 ann.
936 1875 1006 1941 crit.
1032 1896 1067 1941 se
1092 1876 1170 1943 satis
1194 1897 1260 1943 uon
1284 1877 1469 1965 perspicere
1493 1877 1581 1944 unde
1604 1879 1802 1964 accusativi,

520 2032 583 2077 νεε.
599 2012 771 2095 862-64,
795 2010 963 2099 pendeant
986 2012 1171 2079 confitetur.
1196 2012 1266 2079 Nec
1289 2012 1360 2079 sine
1384 2034 1491 2081 eausa.
1517 2012 1679 2099 Equidem
1704 2012 1800 2077 nimis

521 2145 678 2217 audacem
701 2167 753 2212 me
777 2168 844 2212 non
867 2152 948 2233 puto
973 2152 1101 2213 textum
1126 2153 1314 2236 corruptum
1339 2169 1410 2215 esse
1435 2147 1702 2215 contendentem.
1740 2149 1798 2215 Vs.

520 2285 586 2349 863
610 2304 656 2368 sq.
681 2302 701 2347 a
724 2283 826 2349 verbo
861 2282 1032 2367 δάκνεσθαι,
1072 2287 1249 2369 utcumque
1284 2281 1428 2370 pendere
1463 2288 1619 2371 possunt,
1654 2287 1802 2348 attamen

520 2416 694 2505 Euripides
727 2416 829 2482 dixit:
862 2414 974 2493 ἕτοιμός
997 2416 1058 2493 εἶμ’
1082 2418 1179 2497 ἔγωγε
1197 2468 1204 2483 .
1223 2464 1231 2483 .
1249 2468 1257 2484 .
1277 2469 1283 2483 .
1301 2417 1471 2497 δάκνειν,
1496 2417 1669 2501 δάκνεσθαι,
1693 2437 1802 2503 nequo

521 2552 588 2617 ullo
620 2550 717 2618 modo
749 2574 822 2617 cum
854 2552 954 2619 uerbo
977 2552 1089 2618 δάκνειν
1117 2552 1152 2619 hi
1174 2574 1238 2621 νεε.
1263 2552 1418 2641 conjungi
1441 2542 1588 2640 possunt.
1624 2552 1803 2617 Praeterea

521 2686 770 2755 admirationem
807 2693 916 2755 movet
940 2686 1149 2775 Euripidem,
1186 2692 1362 2785 postquam*
1383 2686 1424 2753 de
1448 2687 1585 2773 singulis
1610 2686 1801 2772 tragoediae

520 2823 668 2911 partibus
703 2824 736 2889 in
773 2823 994 2913 disputatione
1029 2844 1104 2888 cum
1139 2822 1304 2910 Aeschylo
1336 2822 1514 2888 tractandis
1545 2821 1580 2886 in
1611 2821 1801 2888 universum

519 2959 649 3024 locutus
684 2964 751 3043 est,
786 2959 983 3046 necopinato
1015 2957 1142 3023 fabulas
1174 2955 1331 3045 quasdam
1360 2956 1553 3022 nominatim
1576 2954 1709 3021 addere.
1747 2955 1801 3021 Sio

520 3094 589 3160 fere
612 3094 871 3181 exspectaveris:
904 3092 1176 3158 sciscitaris
1203 3092 1305 3168 [Inatos
1329 3116 1384 3177 ys,
1416 3092 1469 3158 uel
1494 3092 1558 3158 tale
1583 3091 1673 3178 quid.
1713 3091 1802 3167 Quas

522 3231 563 3296 ob
599 3252 712 3296 causas
747 3235 821 3317 post
851 3250 898 3296 νε.
923 3231 987 3294 862
1019 3232 1141 3315 puncto
1165 3226 1435 3314 distinguendum
1459 3247 1547 3311 esse,
1582 3225 1802 3315 deindepost

521 3388 568 3431 νε.
593 3369 658 3431 864
689 3371 795 3430 totum
827 3386 873 3431 vs.
897 3362 1102 3429 intercidisse
1127 3363 1301 3429 verisimile
1326 3362 1419 3430 duco.
1456 3362 1529 3439 Quo
1553 3382 1598 3427 νε.
1624 3361 1799 3450 Euripides

522 3501 643 3566 dixerit
674 3521 709 3565 se
736 3500 794 3565 has
817 3499 944 3564 fabulas
968 3498 1009 3564 ad
1033 3504 1198 3565 certamen
1222 3498 1257 3562 in
1280 3502 1434 3586 promptu
1457 3497 1589 3563 habere.
1616 3534 1657 3545 -
1682 3498 1800 3584 Neque

521 3636 598 3702 huic
629 3635 805 3724 suspicioni
830 3635 927 3721 objici
950 3640 1078 3723 potest,
1113 3634 1199 3720 quod
1224 3632 1407 3721 Aeschylus
1432 3654 1451 3697 a
1475 3654 1510 3697 se
1534 3632 1641 3697 nullas
1666 3632 1802 3717 offerat,

522 3773 642 3861 quippe
666 3772 723 3858 qui
746 3770 786 3837 ad
810 3792 943 3837 manum
968 3769 1153 3857 tragoedias
1177 3791 1252 3834 suas
1274 3789 1341 3833 non
1372 3768 1512 3852 habeat,
1536 3765 1804 3853 quandoquidem

522 3910 593 3995 ejus
627 3907 839 3992 ars-tragica
873 3906 961 3971 vitae
996 3910 1163 3992 superstes
1197 3905 1249 3968 sit.
1286 3904 1458 3969 Postremo
1489 3902 1535 3967 sic
1567 3902 1667 3967 etiam
1699 3902 1803 3987 magis

522 4044 717 4132 perspicitur
744 4042 881 4109 acerbae
907 4041 1112 4127 Aeschyleae
1135 4038 1357 4126 responsionis
1381 4037 1597 4124 ambiguitas,
1622 4035 1649 4100 si
1673 4035 1804 4123 Euripi-

522 4179 596 4245 dem
628 4178 668 4244 de
692 4179 810 4245 fabulis
834 4178 899 4242 suis
923 4183 1088 4264 tamquam
1113 4175 1154 4240 de
1178 4173 1406 4262 praesentibus
1429 4173 1575 4238 locutum
1596 4191 1671 4274 'esse
1696 4191 1803 4235 suma·

522 4334 604 4380 mus.
639 4314 754 4399 Neque
776 4313 926 4378 inutilem
950 4312 1107 4397 maj0rem
1132 4310 1215 4375 hanc
1242 4309 1509 4397 perspicuitatem
1533 4327 1623 4390 esse,
1658 4304 1805 4371 ostendit

522 4430 622 4511 schol.
647 4429 688 4495 ad
712 4451 758 4497 νε.
784 4432 848 4495 868
867 4430 903 4515 ¹).
930 4466 970 4477 -
995 4428 1043 4493 Ut
1066 4426 1107 4492 ad
1131 4426 1262 4491 initium
1285 4430 1449 4509 revertar,
1485 4444 1654 4512 perperam
1679 4422 1802 4488 codicis

521 4566 696 4633 lectionem
728 4571 761 4631 et
793 4563 895 4629 Ruth.
922 4568 955 4629 et
978 4560 1080 4627 Dind.
1105 4562 1314 4645 immutasse,
1339 4565 1413 4648 post
1437 4580 1534 4647 supra
1558 4558 1647 4625 dicta
1670 4558 1727 4624 vix
1752 4562 1804 4622 est

522 4701 610 4789 quod
633 4699 751 4766 addam
767 4701 804 4785 2).

555 4945 582 4994 ll
601 4944 638 4995 Cf.
657 4945 790 4996 Fritzsche
807 4944 835 4993 in
854 4941 1001 4993 Commeat.

556 5038 583 5110 6)
602 5038 639 5089 cf.
657 5038 769 5094 Roemer
786 5037 830 5088 l.l.
848 5051 872 5108 p.
889 5034 947 5091 188.
