4234 6059
1134 722 1176 789 72

679 948 764 1027 Erip.
810 946 875 1026 ἔχει
897 944 1047 1011 disertos
1070 942 1172 1010 siaonia
1196 944 1228 1023 γ’
1253 943 1418 1027 daupeins.

686 1093 763 1147 Διι.
809 1082 963 1165 Αἷσχύλε,
989 1088 1120 1159 πιιριιιιιῖι
1143 1104 1185 1145 σοι
1209 1084 1341 1146 σιωπᾶν·
1365 1080 1389 1145 si
1412 1080 1442 1147 δὲ
1464 1082 1507 1159 μή
1536 1118 1578 1131 -

649 1218 766 1297 Alex.
814 1218 872 1293 tot
894 1222 991 1282 σιωπῶ
1015 1214 1103 1297 τῷδ’;
1128 1228 1205 1282 Διι.
1242 1216 1293 1281 ἐὰν
1316 1216 1385 1298 πίθῃ
1410 1218 1440 1293 γ’
1458 1217 1529 1291 ἐμοί.

682 1355 734 1418 Εὐ
741 1378 766 1433 ρ.
812 1354 893 1426 cellule
917 1352 977 1431 γὰρ
1001 1352 1168 1432 ἡμάρτηκεν
1192 1351 1315 1431 οὐράνιον
1339 1349 1412 1417 ὅσον.
1458 1345 1470 1365 ‘

649 1488 764 1569 Λὶσχ.
810 1488 876 1569 δρᾷς
899 1483 942 1552 ὅτι
965 1494 1078 1565 capsim
1104 1497 1178 1552 Διρ.
1212 1486 1285 1553 ἀλλ’
1309 1485 1407 1565 ὀλίγον
1431 1486 1469 1565 γέ
1492 1511 1541 1566 μοι
1564 1488 1661 1566 μέλει.

649 1624 765 1704 Aiax.
812 1629 873 1695 πῶς
896 1624 957 1704 Φής
980 1622 1014 1699 ρι’
1028 1624 1173 1703 ἁμαρτεῖν
1195 1637 1264 1688 κτλ.

562 1876 653 1952 Quae
669 1876 715 1941 sie
730 1876 943 1963 interpretor:
968 1876 1148 1963 Postquam
1165 1874 1339 1963 Euripides
1356 1875 1441 1941 dixit
1456 1897 1519 1944 uss.
1534 1898 1576 1943 ex
1590 1875 1797 1965 Ohoephoris

516 2012 633 2078 allatos
662 2010 751 2076 vitiis
781 2016 925 2095 scatere,
955 2011 1140 2099 Aeschylus
1170 2012 1279 2078 surore
1311 1994 1415 2099 magis
1447 2013 1615 2099 magisque
1639 2013 1795 2078 incensus

515 2148 597 2213 iram
621 2168 656 2213 se
676 2147 732 2212 vix
748 2147 917 2213 continere
933 2147 1081 2235 gestibus
1098 2147 1252 2214 ostendit.
1278 2146 1374 2223 Quod
1390 2148 1656 2214 animadvertens
1672 2149 1798 2237 Diony-

518 2304 573 2349 sus
603 2283 783 2370 praevertit
815 2303 911 2366 eum,
941 2281 976 2348 id
999 2303 1102 2369 agens
1125 2288 1163 2347 ut
1186 2306 1205 2349 a
1228 2284 1437 2349 vehementia
1461 2283 1502 2348 ad
1527 2284 1799 2370 tranquillitatem

519 2420 591 2504 ejus
613 2418 758 2482 animum
781 2418 901 2483 flectat.
937 2417 1000 2483 Ille
1025 2422 1154 2503 tamen,
1179 2418 1229 2483 sui
1253 2418 1310 2483 vix
1334 2438 1486 2506 compos,
1510 2439 1585 2484 eum
1610 2420 1799 2507 interpellat

520 2553 723 2619 truculenter
746 2574 883 2639 rogans:
907 2553 1059 2620 Huiccine
1082 2575 1129 2619 mc
1154 2560 1253 2619 tuecrc
1272 2554 1396 2639 puteat
1432 2553 1538 2631 Quem
1561 2575 1648 2620 nunc
1671 2554 1799 2642 Euripi·

520 2686 578 2755 dee
608 2690 728 2755 iterum
751 2694 851 2755 vexat
875 2689 1105 2776 stimulatque,
1137 2689 1185 2754 ita
1208 2694 1246 2754 ut
1268 2689 1452 2776 Aeschylus
1476 2690 1518 2755 ad
1543 2690 1641 2757 deum
1665 2712 1700 2757 se
1725 2712 1800 2757 oon·

519 2832 652 2893 vertens
687 2824 791 2891 dicat:
825 2825 939 2891 Nonae
960 2827 1037 2909 jem
1066 2825 1168 2909 eides,
1202 2825 1287 2911 quod
1312 2826 1510 2891 hortularia?
1540 2827 1625 2914 (ipse
1649 2826 1737 2892 enim
1761 2826 1801 2892 ad

519 2969 685 3028 certamen
716 2982 768 3027 me
799 2964 981 3048 prouocat.)
1016 2960 1078 3027 Oui
1109 2961 1274 3048 Dionysus
1298 2959 1438 3027 demisse
1462 2960 1658 3048 respondet:
1695 2961 1799 3026 Parui

518 3121 588 3165 meo
615 3098 725 3182 refert.
749 3098 832 3183 (scil.
858 3118 910 3163 me
933 3097 1016 3161 nihil
1039 3096 1188 3183 dixisse).
1224 3096 1408 3162 Alteroatio
1433 3095 1554 3162 deinde
1578 3098 1799 3182 continuatur,

520 3255 627 3322 neque
668 3234 808 3321 amplius
850 3253 925 3298 eum
967 3232 1101 3319 respicit
1138 3231 1333 3318 Aeschylus.
1371 3270 1412 3280 -
1449 3232 1542 3310 Quae
1581 3232 1634 3297 dei
1669 3232 1801 3319 ingenio

517 3371 586 3456 jam
620 3374 719 3435 antea
747 3368 868 3456 stipitis
892 3375 1002 3455 partes
1025 3369 1154 3454 agentis
1172 3368 1195 3451 1)
1220 3366 1556 3433 accommodatissima
1579 3373 1669 3437 sunt.
1706 3369 1801 3434 Hane

522 3503 776 3590 explicationem
810 3502 985 3568 admodum
1021 3502 1201 3591 simplicem
1233 3523 1305 3568 esse
1336 3523 1397 3568 neo
1428 3502 1606 3590 quidquam
1637 3502 1802 3568 artificiosi

522 3639 643 3705 habere
676 3638 848 3724 existimo,
882 3638 958 3704 dum
990 3660 1054 3705 uss.
1086 3639 1134 3704 ia
1164 3644 1336 3704 servantur
1368 3637 1410 3704 ad
1441 3658 1654 3725 personarum
1677 3637 1803 3703 indoles

523 3776 692 3864 aptissimi.
739 3775 878 3842 Accedit
918 3775 1005 3862 quod
1044 3776 1140 3841 facile
1171 3780 1347 3863 perspectu
1379 3794 1447 3840 non
1480 3778 1530 3839 est
1560 3773 1725 3860 quomodo
1764 3773 1804 3838 ab

521 3913 755 4000 interpolatore
788 3912 952 4000 procreati
985 3933 1057 3978 esse
1092 3911 1219 3999 possint
1257 3916 1315 3975 aut
1351 3909 1438 3976 unde
1471 3908 1665 3996 irrepserint
1685 3909 1722 3993 2).
1761 3943 1804 3958 -

524 4048 620 4124 Quod
651 4046 692 4113 ad
723 4048 863 4131 scholia,
894 4067 1026 4134 prorsus
1058 4067 1158 4113 sensu
1191 4066 1329 4111 uacuum
1362 4050 1413 4110 est
1445 4044 1536 4132 prius
1567 4043 1669 4111 schol.
1694 4043 1736 4109 ad
1758 4064 1804 4108 us.

528 4181 612 4249 1136
635 4183 758 4266 (Dubn.
781 4205 813 4270 p.
839 4184 914 4250 306.
940 4185 1014 4268 30);
1039 4184 1052 4247 0‘
1079 4181 1227 4261 Αἰσχύλος
1251 4180 1324 4261 φησι
1342 4179 1410 4257 πρὸς
1434 4179 1483 4243 τὸν
1507 4182 1642 4243 Διόνυσον
1667 4180 1703 4250 ὥς
1726 4178 1805 4242 dau·

525 4317 650 4395 τῶμενιν
683 4316 736 4380 ὑπὸ
759 4318 921 4396 Εὐριπίδου.
946 4317 985 4381 διὸ
1008 4318 1138 4398 ἐπιφέρει
1164 4316 1298 4387 Διόνυσος
1323 4315 1414 4398 „otuu”
1437 4317 1534 4392 ὀλίγον
1557 4312 1595 4391 γε’
1617 4339 1666 4390 μιι
1689 4313 1806 4390 μέλει”.

525 4452 625 4519 Nullo
656 4451 743 4517 enim
775 4450 872 4517 modo
896 4451 1069 4539 Euripides
1094 4474 1139 4517 vs.
1168 4454 1252 4517 1135
1278 4451 1461 4537 Dionysum
1483 4449 1625 4516 ludibrio
1650 4450 1806 4515 habuisse

526 4592 646 4677 potest.
682 4586 755 4662 Qua
784 4591 919 4675 propter
949 4586 1190 4654 restituendum
1220 4586 1383 4675 suspicor:
1408 4586 1680 4661 inaudacter.
1720 4585 1808 4650 Num

561 4942 589 5006 1)
607 4942 644 4995 Cf.
663 4956 699 4994 us.
718 4940 766 4991 llll
785 4955 837 5007 sq„
856 4939 919 5003 934,
938 4940 1006 4991 iulru
1024 4955 1059 4993 rs.
1078 4939 1152 4991 lieu.

562 5036 589 5100 ⁸2)
608 5035 646 5087 Cl.
664 5033 736 5085 lloclu
754 5034 786 5085 ud
807 5048 842 5085 us.
859 5030 933 5084 1133.
