4234 6059
955 720 998 783 25

336 944 440 1010 tivum
474 944 624 1010 absolute
659 942 808 1009 adhiberi
845 963 941 1030 posse
976 963 1055 1030 pro:
1085 943 1239 1029 proclivis
1274 942 1317 1007 od
1356 963 1422 1007 rem
1445 963 1620 1034 veneream,

335 1078 431 1147 valde
472 1078 688 1167 improbabile
725 1077 805 1144 mihi
840 1077 979 1146 videtur.
1018 1079 1084 1144 Pro
1120 1078 1180 1144 hac
1217 1099 1291 1144 mea
1321 1078 1487 1145 sententia
1519 1078 1618 1146 etlam

334 1215 446 1282 faeere
478 1217 593 1303 opinor
628 1216 725 1283 Phot.
761 1237 785 1281 s.
810 1238 840 1282 v.
877 1216 1066 1299 κωτοοφορήςε
1099 1217 1155 1296 οὐχ
1193 1216 1206 1279 ὂ
1240 1215 1368 1300 ἄσωτος,
1406 1213 1478 1281 ἀλλ’
1504 1216 1517 1280 o'
1541 1214 1621 1280 retra

335 1349 502 1435 φερόμενος.
527 1352 567 1418 of.
592 1352 738 1439 Hesyoh.
763 1373 789 1420 s.
814 1373 864 1430 v.;
888 1350 988 1418 schol.
1014 1351 1055 1417 ad
1080 1372 1128 1418 vs.
1156 1352 1230 1419 127.
1377 1421 1379 1426 ,

380 1487 484 1554 Sobel.
521 1488 601 1553 Rae.
636 1488 679 1552 ed
713 1508 756 1555 es.
794 1490 871 1555 293.
929 1486 1095 1554 Lemmati
1138 1486 1205 1568 πυρὶ
1242 1492 1313 1564 γοῦν
1336 1502 1403 1552 κτλ.
1440 1486 1541 1553 Ruth.
1567 1488 1622 1553 ad·

336 1623 462 1691 scribit:
497 1621 539 1689 dm
574 1621 775 1700 ἐξηλλάττετο
803 1625 1001 1706 recooperta.
1033 1623 1116 1690 Mihi
1139 1623 1341 1712 probabilius
1366 1623 1496 1690 videtur
1520 1624 1620 1692 schol.

335 1759 543 1827 referendum
578 1780 650 1827 esse
684 1759 726 1826 ad
759 1760 897 1826 lemma:
933 1760 1098 1837 Ἔμπουσα
1134 1760 1224 1825 τοίνυν
1261 1762 1342 1843 ἐστι’,
1386 1764 1424 1824 ut
1458 1759 1621 1847 quomodo

335 1897 502 1983 Dionysus
526 1897 637 1963 statim
660 1896 854 1984 perspiciat,
879 1895 966 1982 quod
990 1916 1094 1982 genus
1118 1896 1255 1961 monstri
1280 1895 1335 1980 sit,
1362 1895 1517 1984 explicet.

381 2031 485 2099 Sobel.
517 2033 598 2100 Rae.
631 2031 675 2097 ud
697 2053 740 2099 es.
764 2033 840 2098 294.
877 2031 960 2096 ἅποον
983 2031 1015 2096 τὸ
1040 2030 1206 2113 πρόοωπονε
1235 2032 1308 2104 τινὲς
1332 2028 1396 2096 ὅλον
1420 2031 1566 2110 πρόςωπον
1592 2027 1621 2097 ἓν

335 2167 464 2246 λέγουσι,

380 2304 462 2370 Post
496 2300 559 2369 daea
594 2301 697 2370 Ruth.
735 2302 844 2368 omisit
879 2302 923 2370 τό.
959 2301 1133 2369 Sententia
1168 2306 1278 2369 tamen
1313 2323 1356 2368 ex
1386 2302 1437 2367 his
1461 2300 1536 2368 elici
1562 2301 1617 2368 vix

336 2443 461 2527 potest,
486 2459 593 2527 neque
617 2437 712 2505 video
733 2458 800 2524 our,
818 2439 844 2503 si
861 2438 1063 2504 correctione
1080 2459 1161 2526 opus
1177 2438 1238 2524 sit,
1263 2459 1329 2504 non
1344 2438 1392 2504 ita
1408 2438 1618 2524 corrigamus,

337 2579 374 2639 ut
409 2575 575 2641 sententia
610 2574 689 2641 satis
723 2573 895 2662 perspicua
921 2573 1069 2662 prodeat.
1105 2573 1363 2641 Restitnendum
1387 2579 1454 2640 est:
1479 2575 1552 2647 τινὲς
1576 2572 1619 2637 τὸ

337 2708 424 2775 ὅλον
460 2710 660 2788 πρόσωπον
695 2707 724 2774 ἓν
759 2710 895 2788 λέγουσι,
932 2710 987 2776 vel
1022 2731 1096 2775 oum
1120 2708 1223 2778 Ven.:
1260 2709 1332 2782 τινὲς
1358 2708 1395 2774 ἓν
1419 2707 1619 2791 πρόσωπον

337 2845 452 2924 <πὸ>
474 2843 562 2911 ὅλον
585 2847 627 2910 λε’
635 2868 758 2922 γονον.
786 2882 825 2894 -
851 2844 1006 2911 Proxime
1029 2845 1065 2911 in
1086 2844 1157 2912 oud.
1182 2844 1403 2912 antecedunt:
1440 2844 1619 2925 προενοκτὲον

336 2983 365 3046 ἐν
398 2980 515 3048 ἐκτάσει
553 2983 586 3047 τὸ
610 3002 647 3046 ο·
679 2980 795 3055 σύνηθες
820 2982 879 3061 γὰρ
902 2984 1019 3062 αὐτοῖς,
1056 3003 1140 3068 quac
1164 2981 1268 3049 Ruth.
1292 3003 1339 3048 vs.
1364 2984 1450 3067 295,
1472 2981 1619 3047 lemmuti

336 3117 451 3199 θάτερον
484 3115 667 3205 adscripsit.
706 3116 768 3184 Oui
803 3117 830 3182 si
865 3118 1071 3201 assentimur,
1097 3117 1305 3184 scholiastam
1327 3116 1381 3184 vel
1405 3117 1514 3204 pueris
1539 3121 1619 3181 nota

337 3252 526 3340 praedicare
549 3253 703 3338 facimus,
736 3274 796 3320 nec
821 3253 997 3340 quidquam
1021 3252 1148 3339 obstat,
1180 3252 1354 3340 quominus
1377 3252 1430 3318 hic
1454 3254 1514 3338 (vs.
1540 3253 1619 3337 294)

336 3393 425 3454 recte
459 3389 540 3454 hacc
575 3410 610 3455 se
644 3389 767 3456 habere
798 3389 905 3476 adque
934 3390 1054 3455 lemma
1085 3387 1167 3455 ἅποω
1193 3388 1364 3456 referenda
1387 3409 1458 3454 esse
1483 3392 1619 3454 eonten-

337 3523 461 3589 damus.
510 3523 654 3590 Dindorf
686 3524 727 3589 ad
762 3545 831 3592 voe.
855 3524 949 3604 οὕρω,
984 3547 1031 3592 vs.
1058 3526 1134 3611 314,
1157 3524 1239 3593 haec
1263 3530 1412 3614 spectare
1437 3525 1619 3612 suspicatus

337 3663 406 3744 est,
431 3664 520 3726 recte
545 3659 693 3727 fortusse.

380 3791 484 3862 Sobel.
508 3796 588 3862 Rae.
613 3796 657 3861 ed
678 3817 721 3863 ee.
746 3799 823 3866 301.
847 3795 883 3861 ἴθ’
919 3795 990 3880 ᾗπερ
1026 3799 1123 3878 lexat:
1155 3803 1240 3863 τοῦτο
1268 3797 1401 3880 ἔμφορτον
1432 3797 1557 3880 παρέχει
1581 3799 1618 3870 ὡς

335 3930 544 4012 προερχομένον
567 3934 657 3998 αὐτοῦ
678 3932 824 4017 πρότερον,
847 3933 960 3997 ὄπισθεν
983 3939 1033 3999 τοῦ
1057 3933 1149 4014 ἱερέως
1172 3932 1260 4004 ὄντος.

381 4065 473 4142 Quae
496 4065 599 4133 Ruth.
624 4067 751 4155 anglice
775 4066 900 4134 reddit:
937 4068 1005 4133 this
1040 4070 1181 4155 supplies
1213 4090 1255 4133 aa
1289 4069 1464 4135 indication
1494 4068 1550 4154 (os
1570 4068 1620 4134 tbe

335 4202 429 4267 order
463 4203 498 4267 ire
532 4203 611 4268 reich
649 4203 719 4290 they
742 4225 821 4270 were
843 4205 1001 4291 wellinp)
1024 4205 1127 4290 seeinp
1152 4204 1224 4270 thot
1245 4204 1348 4287 before
1370 4205 1433 4271 this
1457 4205 1619 4292 Dionysus

335 4337 515 4404 molledine
537 4339 646 4423 frent,
673 4338 723 4404 tbe
740 4341 844 4425 priest
870 4340 957 4427 beinp
982 4339 1106 4408 behind.
1142 4341 1319 4427 Perpetem
1342 4341 1406 4406 nisi
1428 4340 1532 4406 fallor.
1565 4340 1618 4406 Sic

336 4473 423 4539 enim
460 4478 590 4561 praeter
624 4473 856 4540 necessitatem
892 4475 1088 4542 scholiastae
1123 4476 1204 4542 falsa
1240 4476 1364 4544 tribuit.
1400 4477 1452 4543 Dx
1480 4498 1527 4544 vs.
1553 4479 1617 4542 286

333 4608 443 4675 lucide
477 4614 613 4697 apparet
644 4609 826 4676 Xanthiam
849 4610 883 4675 in
908 4632 1047 4699 pompae
1071 4611 1179 4678 fronte
1203 4612 1312 4680 fuisse.
1348 4613 1526 4678 Praeterea
1551 4633 1618 4676 non

335 4743 430 4811 facilc
466 4744 596 4811 credam
635 4746 844 4813 scholiastam
880 4752 946 4813 tam
971 4749 1107 4814 stultum
1131 4748 1230 4816 fuisse
1255 4754 1386 4836 tamque
1410 4749 1495 4815 male
1518 4748 1616 4834 hujus

336 4900 453 4946 scenae
489 4880 634 4948 indolem
668 4882 891 4967 intellexisse,
927 4888 964 4948 ut
998 4884 1201 4972 Dionysum,
1228 4884 1339 4973 paullo
1363 4888 1440 4952 aute
1464 4884 1616 4950 inanibus

240 5041 244 5049 =
336 5015 518 5086 rumoribus
556 5017 707 5115 fictisque
747 5018 899 5083 monstris
937 5021 1167 5117 perterritum,
1209 5020 1317 5092 subito
1354 5025 1445 5094 tanta
1480 5019 1617 5095 audacia
