4234 6059
1110 716 1153 783 52

498 944 724 1032 perturbatum
756 962 845 1026 esse,
876 963 975 1029 quam
1005 940 1093 1030 quod
1118 942 1225 1007 sanari
1249 942 1352 1029 possit
1377 942 1456 1007 mihi
1479 941 1621 1009 videtur.
1662 943 1775 1030 Itaque

499 1099 615 1145 manus
638 1078 799 1144 abstineo.

544 1214 734 1301 Sequuntur
756 1214 873 1280 verba:
897 1220 981 1278 τοῦτο
1004 1212 1034 1276 u
1056 1212 1096 1284 ric
1113 1212 1284 1292 Εὐριπίδην,
1307 1233 1391 1299 quse
1407 1234 1454 1280 vs.
1471 1213 1660 1299 insequenti
1676 1214 1774 1280 Ruth.

497 1348 686 1436 adscripsit,
717 1347 842 1414 addens
871 1353 981 1413 tamen
1004 1347 1077 1413 fieri
1099 1368 1166 1413 non
1189 1368 1285 1436 posse
1308 1354 1346 1413 ut
1369 1368 1427 1436 pro
1452 1353 1542 1415 certo
1567 1348 1773 1433 dijudicetur,

497 1483 538 1550 ad
571 1483 657 1572 quod
680 1484 799 1549 lemma
822 1482 903 1548 haec
926 1484 1122 1571 pertineant.
1167 1483 1237 1551 Noc
1261 1483 1377 1568 facile,
1401 1504 1475 1549 cnm
1498 1483 1686 1549 sexcenties
1710 1483 1774 1550 sive

496 1619 568 1706 ipse
601 1616 774 1705 Euripides
809 1618 877 1683 sivo
912 1618 984 1704 ejus
1018 1617 1149 1685 fabulae
1185 1618 1351 1684 acomico
1376 1618 1588 1703 vellicentur,
1627 1620 1775 1705 cuiquam

498 1754 668 1839 continget
702 1752 874 1838 designare
910 1773 974 1839 quo
1007 1752 1082 1818 loco
1106 1752 1265 1818 scholium
1290 1753 1366 1818 olim
1390 1754 1565 1840 legeretur.
1615 1753 1775 1821 Attamen

498 1889 577 1977 quin
611 1888 713 1953 Ruth.
747 1886 782 1951 in
817 1886 1021 1973 assignandis
1048 1888 1099 1952 his
1122 1886 1198 1953 huic
1223 1910 1269 1955 vs.
1294 1888 1470 1969 erraverit,
1504 1890 1613 1955 nullus
1642 1889 1799 1975 dubito;¹

496 2023 623 2089 nullum
646 2023 733 2090 enim
757 2023 809 2088 hic
831 2021 987 2088 idoneum
1010 2043 1143 2088 sensum
1166 2024 1336 2111 praebent.

543 2159 648 2227 Sedet.
671 2159 753 2225 Ros.
777 2158 821 2223 od
842 2179 886 2225 os.
911 2160 987 2223 810.
1034 2161 1075 2238 τῷ
1106 2163 1146 2237 σῷ
1178 2160 1304 2240 δεσπότῃ
1327 2176 1412 2224 usu:
1449 2161 1539 2225 αὐτοῦ
1563 2162 1623 2240 γὰρ
1647 2161 1661 2224 i
1685 2161 1775 2237 syon.

497 2380 501 2385 .
542 2295 639 2359 Hanc
673 2292 922 2359 sssnotationem
949 2294 1019 2378 jam
1043 2293 1088 2358 sic
1112 2293 1191 2358 satis
1215 2294 1385 2359 obscuram
1410 2294 1513 2359 Ruth.
1539 2294 1638 2359 etiam
1660 2294 1775 2360 obscu-

500 2430 619 2495 riorem
643 2426 786 2495 reddidit
801 2433 952 2492 vertens:
982 2428 1048 2492 The
1069 2429 1173 2504 eyes
1197 2427 1284 2514 bouq
1294 2428 1445 2513 presidet
1460 2448 1532 2494 coar
1548 2428 1586 2515 oy
1603 2428 1774 2515 Dionysus.

498 2563 604 2638 Quem
627 2563 655 2627 si
678 2568 766 2629 recto
789 2563 963 2649 intellego,
987 2562 1028 2628 sd
1052 2568 1224 2649 poetarum
1248 2561 1539 2650 disceptationem,
1564 2584 1648 2650 quae
1669 2564 1801 2650 sequi.

499 2704 570 2782 tur,
601 2697 683 2764 haec
706 2698 871 2787 pertinere
895 2703 999 2786 putat.
1034 2697 1212 2786 Perpetem
1237 2719 1288 2763 me
1307 2696 1439 2783 judice3
1467 2697 1556 2763 aliud
1581 2696 1660 2784 quid
1684 2699 1779 2764 scho-

498 2834 625 2898 lisstsm
661 2832 803 2899 voluisse
838 2832 918 2897 mihi
948 2836 1087 2899 constat.
1125 2814 1384 2918 Explicationem
1416 2831 1497 2898 haec
1526 2832 1695 2898 continere
1720 2853 1777 2897 cur

491 2965 666 3055 Dionysus
706 2975 776 3050 ,ris
813 2968 920 3047 τέχνης
952 2967 1107 3046 ἔμπειρος”
1132 2967 1288 3055 appellari
1312 2967 1433 3055 possit,
1465 2968 1576 3053 itaque
1600 2988 1670 3034 voc.
1695 2969 1777 3045 ἀγών
1971 2974 1972 2979 ’

497 3102 539 3167 ad
562 3104 635 3191 ipsa
657 3104 791 3169 Lenaea
813 3107 961 3190 spectare
985 3101 1111 3190 opinor.
1150 3103 1236 3168 Ludi
1261 3103 1381 3169 scenici
1406 3104 1493 3169 enim
1517 3110 1595 3169 tunc
1618 3103 1776 3170 celebrati

495 3239 526 3303 ei
557 3238 639 3303 sacri
672 3244 767 3303 erant
793 3237 833 3325 ¹).
869 3237 923 3303 Ad
949 3237 1010 3303 hoc
1034 3238 1155 3303 lemma
1176 3238 1294 3324 igitur,
1318 3259 1366 3305 vs.
1392 3241 1475 3325 811,
1500 3214 1658 3304 scholium
1683 3260 1776 3305 revo-

495 3372 634 3440 candum
659 3393 731 3439 esse
753 3335 845 3460 puto.

540 3507 645 3574 Sahal.
669 3508 749 3575 Boo.
773 3509 817 3571 ad
839 3528 882 3574 οε.
906 3510 983 3573 819.
1018 3507 1221 3585 σκινδκλμῶνε
1256 3507 1433 3585 σκινδαλμὸς
1457 3508 1555 3587 κυρίως
1579 3508 1613 3573 τὸ
1638 3507 1701 3589 περὶ
1726 3512 1775 3574 τὸν

495 3645 596 3724 Φλοιὸν
618 3650 669 3708 τοῦ
693 3643 831 3719 καλάμου
854 3640 963 3719 Sioua.

540 3777 633 3845 Haec
657 3778 835 3867 depravate
858 3799 929 3844 esse
954 3799 1068 3864 nemo,
1096 3778 1229 3865 opinor,
1255 3798 1321 3843 non
1344 3777 1527 3865 intelleget.
1567 3776 1663 3844 Verti
1688 3778 1775 3843 enim

495 3936 569 3980 cum
604 3916 707 3982 Ruth.
744 3907 930 4001 nequeunte
974 3913 1013 4000 oy
1051 3912 1299 3989 scrutatoris
1335 3913 1363 3977 ts
1387 3912 1543 3998 properly
1584 3919 1688 3976 meant
1725 3912 1775 3976 tte

494 4051 660 4135 serapiaca
691 4050 778 4132 from
812 4050 863 4114 sse
885 4048 966 4113 bort
984 4047 1024 4131 os
1042 4069 1064 4113 a
1088 4068 1171 4113 conc.
1208 4048 1288 4113 Voc.
1313 4046 1432 4132 ξὲσμα,
1467 4067 1663 4134 quamquam
1687 4044 1775 4132 apud

496 4184 587 4249 Suid.
611 4206 637 4251 s.
660 4206 691 4251 v.
723 4185 915 4262 excolationes
947 4190 980 4249 et
1012 4184 1112 4250 schol.
1138 4182 1180 4248 sd
1204 4183 1290 4249 Nub.
1315 4204 1362 4250 rs.
1392 4184 1453 4247 130
1482 4203 1611 4270 quoque
1634 4182 1774 4268 legitur,

494 4318 602 4383 minus
626 4323 739 4404 aptum
762 4318 842 4383 mihi
865 4318 1004 4385 videtur.
1037 4319 1137 4385 Valet
1153 4318 1240 4383 enim
1257 4317 1435 4395 σκινδαλμδς
1453 4317 1519 4403 (vel
1536 4314 1773 4400 egestionum:

494 4454 620 4537 ossula,
654 4454 799 4539 splinter,
835 4475 917 4518 non:
956 4461 1115 4537 ramento,
1149 4453 1328 4536 sctaofsel,
1365 4451 1451 4538 quod
1487 4452 1586 4519 etiam
1611 4455 1775 4517 testentur

493 4588 594 4655 schol.
618 4586 659 4653 sd
684 4608 731 4654 vs.
756 4589 832 4671 824,
861 4586 953 4653 Suid.
977 4589 999 4653 l.
1015 4589 1036 4655 l.
1063 4594 1097 4653 et
1120 4588 1264 4676 Hesych.
1290 4610 1314 4655 s.
1339 4609 1389 4674 v.‚
1415 4588 1471 4673 qui
1494 4588 1784 4674 interpretenturt'

523 4998 551 5063 l)
571 4998 610 5051 Gt.
626 4999 709 5050 schol.
727 4998 760 5048 ad
778 4997 895 5048 Acheru.
913 5011 964 5049 uss.
982 4997 1038 5062 202,
1056 4995 1113 5050 504.
