4234 6059
950 718 991 794 15

224 1037 235 1048 ι
329 949 460 1023 Ἀττικοί
496 955 536 1019 τοὶ
571 954 618 1020 δύο
649 947 755 1033 datas,
788 955 878 1032 ἥμισυ
909 959 1001 1037 τρίτον
1033 958 1112 1038 φοισί
1145 957 1195 1022 axi
1229 956 1269 1022 τίι
1300 953 1332 1033 ἓξ
1358 951 1448 1036 ἱίμιον
1470 954 1609 1023 τοίλοινποο
1711 971 1716 978 “

328 1091 451 1171 ἕβδομον
490 1091 689 1168 ἡμιτάλαντον
706 1141 713 1157 .
730 1142 737 1157 .
752 1141 784 1158 ..
830 1093 887 1158 Κοιί
926 1092 1049 1159 κοιθίλου
1088 1089 1158 1158 ίτιιν
1192 1091 1358 1169 βοθλιοντοοι
1392 1092 1510 1173 οίριθμίν
1544 1116 1610 1158 τινιο

329 1228 430 1302 δηλοῦν
452 1227 502 1292 καί
527 1227 621 1306 μίριον
644 1251 671 1290 τι
696 1228 898 1308 προσκείμενον
921 1224 955 1293 τὸ
979 1226 1127 1306 ὁμώνυμον
1147 1233 1198 1293 τοῦ
1221 1229 1341 1309 οίριθμοῦ
1356 1227 1403 1294 ae
1420 1233 1470 1294 τοῦ
1486 1228 1610 1293 πλεονοί·

328 1361 422 1444 ζοντος
453 1363 599 1439 λαβόντες
630 1363 663 1427 τὸ
690 1360 753 1427 ὅλον
780 1363 875 1446 oxea
901 1358 955 1427 οίον
978 1364 1018 1429 τίο
1042 1361 1076 1439 ἓξ
1097 1362 1205 1450 ἥμισυ,
1228 1361 1351 1442 ἕβδομον
1375 1363 1464 1440 ἥμιοιί
1488 1363 1609 1449 [φοιοι],

329 1503 379 1563 τοῦ
411 1498 497 1564 ἑπτοὶ,
525 1495 665 1575 ἕβδομον,
701 1496 731 1570 ὃς
760 1498 861 1575 μονοίδι
892 1498 1045 1580 πλεονοίζει
1077 1504 1127 1564 τοῦ
1154 1495 1204 1576 ἓξ,
1229 1499 1262 1564 τὸ
1282 1499 1430 1577 ὁμώνυμον
1450 1499 1606 1577 λαβόντες.

328 1634 453 1700 Ultima
479 1634 525 1700 sie
550 1639 744 1721 transpone:
766 1640 816 1700 τοῦ
831 1634 929 1709 iasa,
947 1631 977 1707 ὃς
992 1634 1094 1712 μονοίδι
1112 1633 1262 1716 πλεονοίζει
1279 1641 1330 1700 τοῦ
1345 1631 1379 1712 ἓξ
1387 1683 1397 1712 ,
1413 1636 1446 1700 τὸ
1462 1633 1611 1713 ὁμώνυμον

328 1768 474 1847 λαβόντες
498 1767 632 1848 ἕβδομον.

373 1903 479 1972 Sahal.
510 1905 587 1972 Rae.
611 1905 656 1971 ad
679 1926 722 1973 os.
746 1906 823 1975 180.
870 1905 949 1973 ote:
973 1904 1106 1970 ἑλκτικὸν
1130 1905 1318 1989 οίπίφθεγμοι
1342 1905 1374 1971 τί
1397 1906 1466 1973 ὥίπ.

372 2041 476 2108 Ruth.
509 2042 609 2108 taeite
640 2039 829 2123 οὶπίφθεγμιι
861 2041 1028 2129 scripsisse
1061 2062 1119 2128 pro
1148 2041 1342 2126 ἐπίφθεγμα,
1367 2042 1453 2128 quod
1478 2043 1512 2108 in
1537 2042 1608 2110 aad.

328 2181 397 2262 est,
421 2177 529 2243 miror.
554 2176 654 2244 Valet
670 2177 758 2244 enim
773 2176 872 2243 illud:
897 2177 984 2243 treve
998 2198 1036 2244 ae
1050 2179 1270 2244 sententiosum
1286 2177 1421 2262 dietum,
1446 2198 1608 2265 nusquam

328 2332 422 2378 vero:
454 2313 648 2379 acclamatio.
696 2313 748 2378 De
778 2333 848 2380 voa.
882 2313 1059 2395 ε’πίφθεγμοι
1086 2312 1456 2399 Ιοί.811ἰο.ε.ν.ῶθπ,
1485 2312 1608 2380 Athen.

330 2446 406 2514 XV.
430 2469 463 2535 p.
488 2450 552 2513 696
566 2469 603 2534 e,
628 2447 728 2515 sehol.
752 2447 794 2514 ad
818 2448 902 2515 Ran.
918 2469 980 2515 vas.
995 2449 1077 2534 208,
1097 2447 1608 2537 10⁷3,Lys.1303,Av.1395‚

328 2604 371 2649 ex
394 2605 458 2670 qno
482 2584 604 2650 soholio
628 2584 682 2651 hie
705 2583 892 2650 addendum
917 2605 987 2651 esse
1011 2583 1175 2673 suspicor:
1200 2587 1413 2658 <κοιτοποιῦον
1436 2586 1488 2660 τὴν
1511 2609 1610 2660 κωπη-

327 2716 482 2804 asaias),
517 2720 570 2786 oui
604 2719 829 2787 additamento
864 2742 910 2787 vs.
947 2722 1013 2787 208
1048 2720 1179 2786 obstare
1212 2740 1277 2785 non
1310 2719 1449 2787 videtur.
1497 2720 1610 2787 Facile

327 2854 416 2919 enim
450 2855 654 2942 intellegitur
686 2855 819 2923 eosdem
850 2877 964 2940 sonos,
995 2856 1075 2922 lieet
1107 2877 1173 2922 non
1197 2855 1268 2942 pari
1291 2876 1428 2921 numero
1452 2856 1610 2943 repetitos

328 2995 426 3076 atque
458 2996 563 3056 metro
594 2990 723 3058 diverso
756 2990 881 3077 editos,
913 3012 1000 3057 nuno
1032 2991 1073 3057 ad
1097 2990 1299 3058 cohibendos
1323 2996 1401 3056 tune
1426 2989 1466 3056 ad
1491 2989 1608 3057 adhor-

328 3125 446 3191 tandos
488 3127 628 3214 remiges
670 3133 844 3216 usurpatos
882 3149 963 3194 esse.
1010 3127 1118 3193 Metro
1154 3132 1264 3192 autem
1299 3123 1320 3190 ὦ
1354 3124 1433 3190 θπίπ
1467 3125 1537 3209 vel,
1574 3129 1611 3191 ut

327 3283 358 3327 v.
394 3261 560 3330 Leeuwen
591 3262 737 3349 scripsit,
770 3263 830 3327 ὠὸπ
861 3261 899 3326 ὄπ
928 3263 989 3348 (vs.
1015 3264 1113 3348 208),
1144 3282 1218 3328 oum
1249 3260 1407 3344 ρὀππιιποί
1441 3260 1609 3348 congruit,

327 3395 414 3482 quod
439 3402 523 3463 teste
547 3398 647 3464 sohel.
671 3396 713 3463 ad
737 3397 837 3486 Vesp.
862 3419 909 3466 vs.
935 3400 999 3464 909
1023 3397 1229 3464 adhortantis
1253 3401 1303 3463 est
1326 3396 1516 3464 aoelamatio
1529 3396 1564 3482 1).

372 3530 476 3599 Sahal.
508 3533 590 3601 Rae.
623 3532 667 3598 ad
695 3555 755 3598 oss.
789 3534 873 3611 185,
912 3535 989 3601 186.
1036 3534 1081 3605 τίς
1116 3533 1154 3606 είς
1187 3532 1369 3604 οίνοιποιύλοις
1403 3546 1488 3600 ιιτλ.;
1525 3537 1610 3597 τοῦτο

327 3666 458 3749 κηρύττει
490 3671 503 3734 ί
535 3669 644 3752 Χοίριον.
676 3671 713 3742 ὥς
737 3668 842 3741 τίπονς
865 3669 1041 3746 καταλέγει.
1067 3668 1177 3744 <ο5ς>
1203 3667 1335 3746 θνίμοιτιι
1359 3666 1454 3732 τίποιν
1477 3667 1610 3747 κνριίοεει

327 3803 341 3867 θ
365 3805 475 3883 Χοίρον.
505 3842 550 3853 -
572 3825 620 3871 vs.
647 3806 720 3871 186.
745 3804 778 3869 τὸ
801 3805 889 3880 λθθνς
912 3804 1023 3871 πεδίοιο
1048 3802 1189 3881 Δίδνμίς·
1214 3803 1312 3889 [φησι]
1336 3803 1439 3884 χοιρίον
1462 3802 1491 3866 ἕν
1511 3801 1610 3868 ’Άιθον

326 3938 628 4024 <θιοι>τετιίποικεν
661 3937 667 4028 Ι
699 3940 728 4012 ἐς
764 3938 824 4005 ὄνον
855 3938 965 4012 attae:
997 3941 1030 4005 τὸ
1061 3938 1202 4004 atoma
1233 3943 1288 4003 τῶν
1313 3939 1376 4002 καθ’
1395 3935 1496 4003 Ἅιδου
1519 3936 1608 4011 δηλοῖ·

326 4074 469 4141 οίθθνοιιον
498 4076 558 4156 γίιρ
589 4074 684 4147 πίνοις
715 4075 916 4156 ἀποκείρεσθαι
944 4081 999 4140 τῶν
1021 4073 1098 4140 duas·
1131 4073 1272 4156 φοιίνετοιι
1295 4072 1325 4137 δὲ
1347 4071 1396 4137 nai
1420 4071 1609 4154 παροιμιῶδες

327 4209 378 4284 ἤδη
403 4205 485 4275 είνοιι.

372 4345 426 4411 Sia
462 4345 709 4412 annotationem
744 4346 824 4411 mire
859 4344 1032 4431 disjectam
1067 4342 1170 4411 Ruth.
1205 4341 1327 4428 edidit,
1359 4343 1490 4421 θνθμοιτοι
1513 4344 1609 4409 τίπων

327 4481 473 4548 scribens
503 4502 562 4571 pro
593 4481 683 4559 θνομοι
713 4481 803 4567 τίτο,
836 4480 932 4546 simul
955 4480 1065 4568 priora
1087 4486 1171 4546 τοῦτο
1195 4517 1239 4530 -
1259 4477 1444 4558 ιιιιτιιλίγει,
1468 4479 1608 4566 (μιμοῖτο

328 4615 399 4684 eod.
431 4617 551 4683 lemma
573 4617 612 4690 είς
635 4619 669 4683 τὸ
692 4617 780 4694 λήθης
804 4616 899 4684 πεδίον
922 4620 1123 4704 sequuntur,
1151 4620 1370 4704 transponens
1393 4613 1435 4680 ad
1459 4634 1506 4680 vs.
1534 4615 1608 4680 185,

360 4954 388 5020 1)
406 4956 499 5007 Obiter
517 4956 664 5008 noandum
681 4960 722 5007 est
739 4956 812 5008 hunc
830 4955 909 5007 metri
921 4968 1083 5026 consensnm
1094 4969 1148 5006 non
1160 4954 1246 5006 tacere
1258 4968 1305 5019 pro
1317 4951 1433 5003 Valsenii
1448 4948 1609 5015 conjectura,

327 5049 360 5099 ad
377 5064 414 5103 vs.
430 5049 480 5101 208
497 5050 538 5102 bis
555 5049 709 5102 scribentis:
728 5040 746 5099 d
764 5049 875 5102 θπίπθπ.
