4234 6059
953 741 995 803 89

332 968 382 1030 οὐκ
413 963 553 1043 ἀργαλέα
588 960 652 1036 δῆτ’
677 961 738 1025 ἐστί
764 954 896 1040 τοίτχειν
922 960 1003 1024 τοῦτ’
1027 960 1079 1036 ἐμὲ
1107 958 1113 1047 Ι
1140 960 1188 1024 τὸν
1211 959 1427 1041 Λευκολοφίδου
1450 959 1546 1024 παῖδα
1568 965 1619 1025 τοῦ
1650 1019 1653 1023 ,

333 1099 505 1181 Πορίοίονοςς

376 1234 430 1298 Ita
453 1213 575 1315 Ruth.;
611 1229 709 1296 Dind.
745 1229 957 1297 ediditt....
993 1230 1082 1301 οὕτως
1119 1229 1203 1309 περί
1240 1236 1305 1295 τοῦ
1343 1229 1619 1305 Ἀδειμοίντουε

333 1371 383 1435 οὑκ
416 1383 484 1435 κτλ.
530 1367 571 1432 In
605 1334 718 1432 oodioe
753 1372 820 1432 est:
856 1368 940 1444 περὶ
977 1368 1040 1432 τίν
1071 1366 1342 1441 Ἀδείμαντον.
1389 1364 1508 1431 Neutri
1538 1385 1615 1431 vero

313 1483 503 1590 ¹astipulari
540 1523 684 1591 possum.
732 1501 834 1569 Ruth.
871 1506 908 1566 ut
943 1500 1101 1566 audacter
1135 1500 1309 1567 verborum
1343 1504 1537 1565 contextum
1574 1498 1620 1563 sio

334 1639 529 1723 corrigeret,
551 1635 706 1701 inductus
729 1642 790 1720 est,
815 1635 877 1701 nisi
899 1635 1004 1719 fallor,
1031 1656 1111 1701 rooe
1135 1636 1187 1709 ἐμέ
1210 1635 1245 1700 in
1262 1656 1323 1701 vss.
1341 1656 1439 1721 supra
1459 1632 1619 1717 laudatis,

336 1794 416 1860 quos
443 1772 546 1859 ipsius
581 1770 752 1837 Adimanti
786 1771 886 1837 inisse
920 1771 1141 1837 existimabat.
1188 1770 1283 1835 Nune
1307 1769 1394 1835 enim
1419 1769 1474 1834 alii
1498 1768 1620 1852 sotori,

335 1910 389 1996 qui
414 1930 471 1973 eos
493 1908 774 1996 pronuntiaverit,
799 1908 900 1973 tribui
923 1928 990 1971 non
1007 1911 1145 1993 possunt
1162 1906 1203 1971 ob
1221 1905 1335 1970 soholii
1352 1905 1456 1970 nostri
1472 1903 1618 1971 formam.

335 2043 447 2129 ipsum
482 2062 559 2108 vero
595 2042 811 2108 Adimantum
841 2043 876 2106 in
908 2062 1038 2107 scenam
1071 2041 1286 2129 processisse,
1327 2040 1527 2122 luculenter,
1569 2059 1621 2103 me

332 2176 462 2263 judice,
482 2177 619 2242 verbum
643 2178 842 2252 μέμνηται
868 2176 997 2243 refutat.
1034 2175 1132 2242 Nullo
1150 2176 1237 2241 enim
1253 2174 1349 2239 modo
1366 2179 1619 2257 commentator,

338 2314 364 2378 si
401 2312 503 2400 ipsius
543 2312 714 2378 Adimanti
744 2312 779 2376 in
811 2311 980 2377 oomosdia
1010 2310 1145 2377 laudata
1176 2315 1286 2398 partes
1317 2310 1474 2395 fuissent,
1509 2307 1618 2374 dicere

338 2469 426 2513 nune
459 2449 568 2534 potuit
605 2446 746 2534 Eupolin
778 2448 850 2532 ejus
884 2468 1066 2529 „memorem
1095 2446 1227 2529 foisse.”
1275 2445 1400 2511 Looum
1431 2444 1492 2510 hoo
1525 2442 1621 2509 modo

340 2581 581 2649 emendandum
616 2602 688 2648 esse
722 2582 884 2669 suspicor:
919 2582 1086 2671 στρατηγὸς
1123 2580 1154 2657 ἦν
1186 2588 1236 2645 τοῦ
1268 2587 1402 2646 ναυτικοῦ
1435 2576 1539 2652 <οὖ>
1572 2579 1620 2643 καί

338 2719 467 2790 Εὔπολις
494 2720 642 2793 μέμνηται
670 2719 698 2782 ἐν
722 2718 845 2782 Πόλεσιν
866 2715 938 2781 orire
962 2718 1053 2794 πρὸς
1078 2717 1125 2780 τὸν
1149 2718 1338 2791 Ἀδείμαντον
1364 2715 1549 2791 <rtyav>z
1573 2716 1624 2779 οὖν

340 2867 426 2936 κτα,
450 2853 471 2919 i.
497 2873 525 2918 s.
550 2851 662 2918 elassis
680 2851 864 2936 praefectus
886 2858 972 2935 erat,
997 2852 1088 2934 eujus
1111 2852 1206 2915 etium
1229 2827 1417 2935 Eupolisio
1435 2849 1622 2913 Civitatibus

340 3008 455 3051 memor
486 2994 551 3070 est,
581 2989 629 3053 ito
659 2987 693 3051 in
724 2985 935 3051 Adimantum
962 2986 1078 3069 jocans
1110 2990 1172 3051 ete.
1199 3022 1239 3033 -
1264 2983 1375 3050 Verba
1403 2981 1537 3048 laudata
1560 2982 1623 3048 for·

341 3125 426 3214 tasse
458 3126 534 3185 sunt
565 3119 706 3186 hominis
741 3120 929 3207 enjusdam,
969 3121 1023 3208 qui
1054 3120 1204 3206 ignaviae
1229 3140 1304 3185 reus
1328 3117 1621 3203 velwignominiose

341 3260 497 3339 vexatus,
517 3257 632 3342 jocose
656 3256 701 3320 sio
725 3254 912 3341 respondit,
937 3255 1106 3320 nominum
1123 3274 1238 3319 sonum
1255 3253 1408 3319 bellicum
1425 3251 1622 3338 significans.
