4234 6059
1128 718 1170 783 to

509 965 607 1031 quam
629 944 766 1009 formam
790 948 824 1009 ct
846 942 916 1029 ipse
939 941 1042 1009 Ruth.
1067 941 1212 1008 restitnit
1235 942 1270 1006 in
1294 940 1394 1007 schol.
1420 940 1461 1007 ad
1485 940 1647 1013 Plutus.
1672 940 1790 1027 3011).

510 1078 558 1145 cf.
582 1078 691 1164 Etym.
715 1078 759 1143 Μ.
784 1100 815 1165 p.
841 1080 893 1143 51.
919 1080 977 1161 403
1005 1078 1079 1143 798.
1108 1078 1159 1143 19.

555 1214 659 1280 Schol.
683 1214 764 1278 Rau.
788 1212 832 1277 ad
852 1233 896 1277 oa.
921 1213 1020 1278 1126.
1055 1214 1150 1287 Ἐρμῆ
1182 1212 1276 1291 χίίνιε
1308 1226 1391 1277 aaa:
1423 1212 1456 1274 ri
1489 1212 1613 1289 πατρῷοι
1646 1211 1792 1285 κεκίνηκεν

509 1353 561 1423 τὴν
586 1347 786 1430 ἀμφιβολίαν·
810 1347 870 1423 ἤτοι
894 1347 954 1426 γὰρ
977 1348 1090 1411 raised
1114 1348 1184 1421 ἐμοῦ
1207 1348 1317 1425 carpta
1342 1345 1483 1425 Ὀρέστης
1506 1346 1597 1426 φησίν
1621 1345 1638 1420 ἢ
1663 1345 1703 1409 τοὶ
1726 1345 1791 1409 καθ’

506 1486 607 1552 ’Ἃιδου
631 1485 712 1561 λέγει
736 1485 860 1562 πατρῷοι
884 1482 974 1562 aptita
1000 1488 1051 1547 τοῦ
1073 1485 1197 1562 Ἑρμοῦ,
1223 1482 1288 1546 κιιί’
1312 1478 1334 1546 il
1358 1482 1406 1546 κιιί
1431 1481 1541 1561 χίίνινς
1565 1483 1578 1546 ί
1601 1483 1722 1560 Ἑρμῆς.

554 1617 849 1707 Transponendum
881 1624 949 1684 est:
987 1618 1190 1711 ἣπιιτρῷιι
1212 1616 1260 1681 τίν
1283 1616 1364 1681 κοιί’
1386 1616 1515 1682 “Aedos
1538 1616 1645 1692 λέγει
1669 1615 1791 1696 aptita

508 1763 574 1822 τοῦ
596 1760 733 1835 Ἑρμοῦ
757 1769 823 1823 κτλ.

555 1892 610 1955 Διί
642 1911 702 1957 osa.
736 1890 926 1954 1131-36.
971 1886 1110 1973 Magnas
1146 1886 1181 1952 hi
1215 1906 1329 1952 versus
1363 1884 1576 1952 difficultates
1611 1885 1794 1952 editoribus

510 2029 727 2115 pepererunt,
760 2044 897 2111 qnorum
928 2021 984 2087 alii
1016 2021 1088 2086 aliis
1112 2020 1217 2087 modis
1242 2020 1363 2087 nodum
1389 2021 1545 2109 expedire
1569 2022 1679 2088 conati
1704 2028 1792 2089 suut.

511 2161 574 2237 Qui
599 2166 708 2225 tamen
732 2160 923 2246 plerumque
948 2178 1082 2245 parum,
1115 2178 1166 2223 ma
1187 2157 1317 2243 judice,
1342 2157 1557 2224 observarunt
1580 2158 1641 2222 hos
1665 2179 1729 2223 νιν.
1755 2163 1793 2221 ut

510 2299 543 2361 in
579 2317 676 2362 scena
709 2295 1004 2383 pronunciarentur
1031 2293 1230 2381 compositos
1252 2292 1373 2378 fuisse,
1399 2314 1465 2358 non
1490 2298 1527 2358 ut
1549 2293 1790 2379 legerentur2).

511 2430 606 2508 Quod
631 2431 657 2495 si
680 2428 934 2512 consideramus,
957 2428 1137 2493 lenioribus
1161 2427 1314 2493 remediis
1336 2428 1444 2493 locum
1466 2428 1574 2494 sanari
1591 2449 1686 2515 posse
1705 2424 1791 2495 arbi·

459 2556 464 2563 ’
512 2573 589 2631 tror.
616 2602 656 2613 -
681 2564 776 2629 Unus
810 2562 953 2650 Blaydes
988 2563 1070 2628 nihil
1106 2564 1262 2648 mutavit,
1298 2563 1355 2650 qui
1392 2563 1488 2628 simul
1526 2568 1635 2629 tamen
1673 2563 1793 2628 tacitns

513 2701 740 2766 difficultatem
774 2699 950 2787 praeterit,
986 2720 1083 2785 quam
1107 2720 1154 2765 rs.
1181 2700 1267 2763 1132
1291 2698 1451 2786 praebent
1475 2698 1593 2797 verba:
1636 2699 1795 2779 Αίνχιίλε,

512 2841 641 2916 asperati
664 2861 707 2901 σοι
729 2842 859 2910 σιωπᾶν,
884 2856 958 2899 cum
981 2833 1166 2920 Aeschylus
1190 2833 1271 2898 nihil
1288 2833 1393 2899 adhuc
1410 2832 1588 2921 respondit.
1613 2833 1795 2917 Fritnsche,

513 2994 560 3039 vs.
588 2975 672 3037 1136
697 2976 844 3036 enters.
872 2973 957 3035 1135
983 2970 1164 3055 collocans,
1190 2968 1310 3035 edidit:

648 3164 763 3240 Λίσχ.
788 3162 846 3238 ἐγὼ
870 3166 966 3225 σιωπῶ
991 3160 1075 3239 τῷδ’;
1100 3171 1178 3224 Διον.
1204 3160 1254 3221 ἐὰν
1278 3160 1360 3240 πείθῃ
1383 3158 1416 3234 γ’
1442 3161 1515 3232 ἐμοί.

648 3297 762 3375 Alex.
787 3296 851 3378 ὂνᾷί
877 3291 919 3360 ὅτι
944 3301 1056 3370 >capsim
1083 3305 1181 3358 Διον.
1209 3294 1279 3357 ἀλλ’
1303 3294 1401 3370 ὀλίγον
1425 3294 1461 3369 γε’
1486 3316 1532 3368 μοι
1557 3291 1652 3370 μέλει.

556 3483 609 3549 Sic
633 3489 744 3548 tamen
766 3489 800 3549 et
822 3482 926 3547 altera
947 3482 1105 3569 Aeschyli
1128 3482 1276 3571 quaestio
1301 3487 1334 3548 et
1347 3444 1496 3570 'Dionysi
1521 3482 1690 3569 responsio
1709 3483 1793 3548 satis

512 3618 626 3703 inepta
656 3616 736 3682 mihi
764 3615 904 3700 videtur,
936 3639 1009 3682 cum
1034 3618 1116 3683 nihil
1138 3617 1225 3705 quod
1250 3618 1346 3705 hujus
1370 3618 1571 3704 quaestionis
1596 3639 1696 3684 causa
1724 3638 1796 3684 esse

515 3759 571 3817 ant
608 3752 799 3818 submissam
836 3748 889 3818 dei
924 3754 1168 3841 responsionem
1194 3753 1358 3842 explicare
1382 3754 1502 3841 possit,
1536 3754 1664 3819 interea
1688 3758 1797 3818 actum

515 3888 567 3950 sit.
613 3887 710 3954 Adde
744 3887 832 3973 quod
867 3888 982 3954 eadem
1017 3890 1051 3953 in
1089 3910 1158 3955 voc.
1195 3892 1309 3954 σιωπιίν
1344 3890 1496 3955 molestia
1519 3894 1639 3955 manet.
1690 3889 1795 3965 Quam

515 4021 698 4086 molestiam
732 4027 769 4087 ut
804 4022 957 4088 tollerent
988 4024 1084 4089 Koch
1108 4030 1141 4089 et
1165 4046 1195 4090 ι.
1220 4024 1361 4109 Velsen,
1394 4004 1574 4109 Bergkium
1600 4024 1723 4107 secuti,
1748 4044 1794 4090 rs.

519 4156 602 4218 1136
638 4160 712 4243 post
745 4179 791 4223 vs.
830 4160 911 4223 1131
950 4160 1150 4244 trajecerunt
1185 4158 1373 4224 ulteriorem
1404 4163 1531 4246 partem
1562 4157 1712 4244 Euripidi
1738 4158 1795 4223 tri-

516 4287 665 4357 buentes.
713 4289 777 4366 Qui
800 4297 911 4357 tamen
935 4292 1091 4379 Aeschyli
1115 4293 1232 4359 verba:
1248 4293 1323 4377 ’ὁρᾷς
1348 4292 1390 4357 ίιι
1415 4302 1510 4373 ληρεῖς
1535 4293 1580 4359 sic
1598 4291 1795 4379 explicanda

517 4541 762 4551 ——-——-—

551 4730 577 4793 l)
596 4733 680 4793 Quem
697 4747 770 4782 uuna
787 4732 815 4781 iu
834 4731 933 4799 Corrig.
950 4734 1036 4785 denuo
1053 4736 1140 4801 legere
1155 4736 1248 4799 jubere
1266 4738 1352 4789 video:
1372 4738 1514 4804 ὄξνμμὲννν.

550 4826 577 4888 2)
595 4826 752 4877 Rectissime
775 4841 796 4876 v.
819 4825 947 4877 Leeuwen
971 4828 998 4878 in
1023 4831 1163 4880 comoediis
1180 4831 1342 4894 explicandis
1359 4838 1422 4883 aute
1439 4833 1529 4883 omnia
1546 4835 1727 4885 necessarium
1745 4837 1796 4887 hoc

516 4933 574 4967 esse
591 4919 750 4982 observavit,
769 4920 838 4983 quod
857 4925 945 4970 tamen
965 4922 1062 4986 critici,
1079 4924 1209 4973 comicum
1228 4927 1374 4988 φιλολόγων
1393 4932 1550 4993 tractantes,
1569 4943 1646 4992 saepe
1663 4931 1796 4983 nonsatis

517 5015 715 5072 reputaverunt.
750 5011 813 5062 Vide
830 5028 898 5076 quiae
915 5014 1038 5064 disseruit
1058 5016 1184 5066 binemus,
1201 5016 1233 5065 24
1251 5032 1273 5081 p.
1292 5017 1342 5069 too
1359 5035 1416 5086 sqq.
