<?xml version="1.0" encoding="UTF-8"?>
<!DOCTYPE html PUBLIC "-//W3C//DTD XHTML 1.0 Transitional//EN"
    "http://www.w3.org/TR/xhtml1/DTD/xhtml1-transitional.dtd">
<html xmlns="http://www.w3.org/1999/xhtml" xml:lang="en" lang="en">
 <head>
  <title>
</title>
<meta http-equiv="Content-Type" content="text/html;charset=utf-8" />
  <meta name='ocr-system' content='tesseract 3.04.00' />
  <meta name='ocr-capabilities' content='ocr_page ocr_carea ocr_par ocr_line ocrx_word'/>
</head>
<body>
  <div class='ocr_page' id='page_1' title='image "./observationescr00bloegoog_0077.png"; bbox 0 0 4234 6059; ppageno 0'>
   <div class='ocr_carea' id='block_1_1' title="bbox 947 760 989 823">
    <p class='ocr_par' dir='ltr' id='par_1_1' title="bbox 947 760 989 823">
     <span class='ocr_line' id='line_1_1' title="bbox 947 760 989 823; baseline 0 0"><span class='ocrx_word' id='word_1_1' title='bbox 947 760 989 823; x_wconf 77' lang='grc'><strong>57</strong></span> 
     </span>
    </p>
   </div>
   <div class='ocr_carea' id='block_1_2' title="bbox 320 979 1672 1737">
    <p class='ocr_par' dir='ltr' id='par_1_2' title="bbox 320 979 1672 1737">
     <span class='ocr_line' id='line_1_2' title="bbox 321 979 1603 1068; baseline 0.004 -24"><span class='ocrx_word' id='word_1_2' title='bbox 321 980 455 1068; x_wconf 92' lang='lat' dir='ltr'><strong>planum</strong></span> <span class='ocrx_word' id='word_1_3' title='bbox 479 980 557 1045; x_wconf 87' lang='lat' dir='ltr'><strong>facit</strong></span> <span class='ocrx_word' id='word_1_4' title='bbox 578 979 612 1045; x_wconf 93' lang='lat' dir='ltr'><strong>id</strong></span> <span class='ocrx_word' id='word_1_5' title='bbox 637 979 724 1067; x_wconf 90' lang='lat' dir='ltr'><strong>quod</strong></span> <span class='ocrx_word' id='word_1_6' title='bbox 748 979 923 1046; x_wconf 79' lang='lat' dir='ltr'><strong>scholiasta</strong></span> <span class='ocrx_word' id='word_1_7' title='bbox 945 980 1104 1046; x_wconf 88' lang='lat' dir='ltr'><strong>voluerit:</strong></span> <span class='ocrx_word' id='word_1_8' title='bbox 1217 979 1293 1054; x_wconf 77' lang='grc' dir='ltr'><strong>ὅπως</strong></span> <span class='ocrx_word' id='word_1_9' title='bbox 1316 982 1392 1066; x_wconf 65' lang='grc' dir='ltr'><strong>λήξῃ</strong></span> <span class='ocrx_word' id='word_1_10' title='bbox 1417 986 1449 1049; x_wconf 75' lang='grc' dir='ltr'><strong>τὸ</strong></span> <span class='ocrx_word' id='word_1_11' title='bbox 1473 988 1603 1063; x_wconf 79' lang='grc' dir='ltr'><strong>πνεῦμα.</strong></span> 
     </span>
     <span class='ocr_line' id='line_1_3' title="bbox 320 1114 1672 1205; baseline 0.004 -25"><span class='ocrx_word' id='word_1_12' title='bbox 320 1152 366 1166; x_wconf 90' lang='lat'>-</span> <span class='ocrx_word' id='word_1_13' title='bbox 390 1114 512 1181; x_wconf 78' lang='lat' dir='ltr'><strong>Eadem</strong></span> <span class='ocrx_word' id='word_1_14' title='bbox 544 1115 728 1202; x_wconf 77' lang='lat' dir='ltr'>corruptela</span> <span class='ocrx_word' id='word_1_15' title='bbox 760 1116 898 1180; x_wconf 77' lang='lat' dir='ltr'>recurrit</span> <span class='ocrx_word' id='word_1_16' title='bbox 927 1115 963 1179; x_wconf 93' lang='lat' dir='ltr'><strong>in</strong></span> <span class='ocrx_word' id='word_1_17' title='bbox 993 1115 1124 1181; x_wconf 82' lang='lat' dir='ltr'><strong>scholiis</strong></span> <span class='ocrx_word' id='word_1_18' title='bbox 1149 1115 1190 1181; x_wconf 89' lang='lat' dir='ltr'><strong>ad</strong></span> <span class='ocrx_word' id='word_1_19' title='bbox 1215 1117 1316 1205; x_wconf 88' lang='lat' dir='ltr'><strong>Vesp.</strong></span> <span class='ocrx_word' id='word_1_20' title='bbox 1341 1139 1387 1183; x_wconf 92' lang='lat' dir='ltr'><strong>vs.</strong></span> <span class='ocrx_word' id='word_1_21' title='bbox 1416 1120 1512 1202; x_wconf 82' lang='lat'>1025,</span> <span class='ocrx_word' id='word_1_22' title='bbox 1540 1118 1604 1185; x_wconf 73' lang='lat' dir='ltr'><strong>hv.</strong></span> <span class='ocrx_word' id='word_1_23' title='bbox 1671 1170 1672 1175; x_wconf 18' lang='grc' dir='ltr'>η</span> 
     </span>
     <span class='ocr_line' id='line_1_4' title="bbox 321 1232 1604 1338; baseline 0.005 -22"><span class='ocrx_word' id='word_1_24' title='bbox 321 1272 369 1317; x_wconf 91' lang='lat' dir='ltr'><strong>vs.</strong></span> <span class='ocrx_word' id='word_1_25' title='bbox 398 1254 471 1334; x_wconf 78' lang='lat'>100,</span> <span class='ocrx_word' id='word_1_26' title='bbox 496 1272 515 1315; x_wconf 88' lang='lat' dir='ltr'><strong>a</strong></span> <span class='ocrx_word' id='word_1_27' title='bbox 538 1249 780 1334; x_wconf 79' lang='lat' dir='ltr'><strong>Leeuwenio1)</strong></span> <span class='ocrx_word' id='word_1_28' title='bbox 806 1251 877 1335; x_wconf 87' lang='lat' dir='ltr'><strong>jam</strong></span> <span class='ocrx_word' id='word_1_29' title='bbox 910 1250 1049 1315; x_wconf 89' lang='lat' dir='ltr'><strong>sublata.</strong></span> <span class='ocrx_word' id='word_1_30' title='bbox 1079 1250 1119 1316; x_wconf 86' lang='lat' dir='ltr'><strong>cf.</strong></span> <span class='ocrx_word' id='word_1_31' title='bbox 1145 1272 1243 1338; x_wconf 87' lang='lat' dir='ltr'><strong>supra</strong></span> <span class='ocrx_word' id='word_1_32' title='bbox 1259 1232 1366 1319; x_wconf 88' lang='lat' dir='ltr'><strong>schol.</strong></span> <span class='ocrx_word' id='word_1_33' title='bbox 1392 1252 1432 1318; x_wconf 92' lang='lat' dir='ltr'><strong>ad</strong></span> <span class='ocrx_word' id='word_1_34' title='bbox 1456 1276 1504 1320; x_wconf 93' lang='lat' dir='ltr'><strong>vs.</strong></span> <span class='ocrx_word' id='word_1_35' title='bbox 1528 1256 1604 1323; x_wconf 79' lang='grc'><strong>475.</strong></span> 
     </span>
     <span class='ocr_line' id='line_1_5' title="bbox 371 1381 1605 1469; baseline 0.002 -18"><span class='ocrx_word' id='word_1_36' title='bbox 371 1386 475 1453; x_wconf 81' lang='lat' dir='ltr'><strong>Schcl.</strong></span> <span class='ocrx_word' id='word_1_37' title='bbox 501 1386 581 1451; x_wconf 82' lang='lat' dir='ltr'><strong>Bao.</strong></span> <span class='ocrx_word' id='word_1_38' title='bbox 607 1385 651 1450; x_wconf 82' lang='lat' dir='ltr'><strong>ud</strong></span> <span class='ocrx_word' id='word_1_39' title='bbox 673 1406 716 1452; x_wconf 85' lang='lat' dir='ltr'><strong>oa.</strong></span> <span class='ocrx_word' id='word_1_40' title='bbox 741 1386 817 1451; x_wconf 75' lang='lat'><strong>849.</strong></span> <span class='ocrx_word' id='word_1_41' title='bbox 853 1381 873 1449; x_wconf 81' lang='grc' dir='ltr'><strong><em>ὦ</em></strong></span> <span class='ocrx_word' id='word_1_42' title='bbox 909 1387 1053 1465; x_wconf 69' lang='grc' dir='ltr'><strong>Κρητικὰς</strong></span> <span class='ocrx_word' id='word_1_43' title='bbox 1089 1388 1142 1463; x_wconf 78' lang='grc' dir='ltr'><strong>μὲν</strong></span> <span class='ocrx_word' id='word_1_44' title='bbox 1165 1402 1248 1453; x_wconf 63' lang='lat' dir='ltr'><strong>urm:</strong></span> <span class='ocrx_word' id='word_1_45' title='bbox 1284 1388 1322 1461; x_wconf 80' lang='grc' dir='ltr'><strong>εἷς</strong></span> <span class='ocrx_word' id='word_1_46' title='bbox 1346 1389 1397 1462; x_wconf 70' lang='grc' dir='ltr'><strong>τὴν</strong></span> <span class='ocrx_word' id='word_1_47' title='bbox 1421 1395 1471 1453; x_wconf 81' lang='grc' dir='ltr'><strong>τοῦ</strong></span> <span class='ocrx_word' id='word_1_48' title='bbox 1496 1392 1605 1469; x_wconf 77' lang='grc' dir='ltr'><em>Ἰκαροῦ</em></span> 
     </span>
     <span class='ocr_line' id='line_1_6' title="bbox 321 1521 720 1600; baseline -0.01 -13"><span class='ocrx_word' id='word_1_49' title='bbox 321 1521 461 1600; x_wconf 76' lang='grc' dir='ltr'><em>μονῳδίαν</em></span> <span class='ocrx_word' id='word_1_50' title='bbox 485 1523 514 1585; x_wconf 84' lang='grc' dir='ltr'><strong>ἕν</strong></span> <span class='ocrx_word' id='word_1_51' title='bbox 537 1528 596 1591; x_wconf 79' lang='grc' dir='ltr'><strong>τοῖς</strong></span> <span class='ocrx_word' id='word_1_52' title='bbox 620 1521 720 1597; x_wconf 73' lang='grc' dir='ltr'><strong>ΚρησΙ.</strong></span> 
     </span>
     <span class='ocr_line' id='line_1_7' title="bbox 366 1641 1605 1737; baseline 0.002 -16"><span class='ocrx_word' id='word_1_53' title='bbox 366 1657 407 1721; x_wconf 93' lang='lat' dir='ltr'><strong>In</strong></span> <span class='ocrx_word' id='word_1_54' title='bbox 431 1641 501 1722; x_wconf 86' lang='lat' dir='ltr'><strong>cod.</strong></span> <span class='ocrx_word' id='word_1_55' title='bbox 525 1655 607 1721; x_wconf 90' lang='lat' dir='ltr'><strong>haec</strong></span> <span class='ocrx_word' id='word_1_56' title='bbox 633 1660 727 1723; x_wconf 90' lang='lat' dir='ltr'><strong>sunt:</strong></span> <span class='ocrx_word' id='word_1_57' title='bbox 751 1656 775 1719; x_wconf 85' lang='lat' dir='ltr'><strong>oi</strong></span> <span class='ocrx_word' id='word_1_58' title='bbox 799 1656 853 1733; x_wconf 77' lang='grc' dir='ltr'><strong>μὲν</strong></span> <span class='ocrx_word' id='word_1_59' title='bbox 876 1656 915 1727; x_wconf 75' lang='grc' dir='ltr'><strong>εἷς</strong></span> <span class='ocrx_word' id='word_1_60' title='bbox 939 1657 991 1731; x_wconf 67' lang='grc' dir='ltr'><strong>τὴν</strong></span> <span class='ocrx_word' id='word_1_61' title='bbox 1017 1672 1100 1733; x_wconf 58' lang='grc' dir='ltr'><strong>κτα,</strong></span> <span class='ocrx_word' id='word_1_62' title='bbox 1128 1656 1248 1723; x_wconf 91' lang='lat' dir='ltr'><strong>deinde</strong></span> <span class='ocrx_word' id='word_1_63' title='bbox 1272 1658 1307 1722; x_wconf 90' lang='lat' dir='ltr'><strong>in</strong></span> <span class='ocrx_word' id='word_1_64' title='bbox 1330 1658 1412 1723; x_wconf 90' lang='lat' dir='ltr'><strong>fine:</strong></span> <span class='ocrx_word' id='word_1_65' title='bbox 1436 1659 1605 1737; x_wconf 71' lang='grc' dir='ltr'><strong><em>θρασύτερον</em></strong></span> 
     </span>
    </p>
   </div>
   <div class='ocr_carea' id='block_1_3' title="bbox 321 1785 1604 1877">
    <p class='ocr_par' dir='ltr' id='par_1_3' title="bbox 321 1785 1604 1877">
     <span class='ocr_line' id='line_1_8' title="bbox 321 1785 1604 1877; baseline 0.005 -22"><span class='ocrx_word' id='word_1_66' title='bbox 321 1790 381 1870; x_wconf 68' lang='grc' dir='ltr'><strong>γὰρ</strong></span> <span class='ocrx_word' id='word_1_67' title='bbox 415 1791 493 1854; x_wconf 71' lang='grc' dir='ltr'><strong><em>δοκεῖ</em></strong></span> <span class='ocrx_word' id='word_1_68' title='bbox 524 1785 595 1854; x_wconf 81' lang='grc' dir='ltr'><em>εἶναι</em></span> <span class='ocrx_word' id='word_1_69' title='bbox 630 1790 663 1854; x_wconf 81' lang='grc' dir='ltr'><strong>τὸ</strong></span> <span class='ocrx_word' id='word_1_70' title='bbox 698 1789 865 1875; x_wconf 78' lang='grc' dir='ltr'><em>πρόσωπον,</em></span> <span class='ocrx_word' id='word_1_71' title='bbox 901 1812 984 1877; x_wconf 87' lang='lat' dir='ltr'><strong>quac</strong></span> <span class='ocrx_word' id='word_1_72' title='bbox 1021 1792 1122 1858; x_wconf 86' lang='lat' dir='ltr'><strong>Ruth.</strong></span> <span class='ocrx_word' id='word_1_73' title='bbox 1146 1793 1310 1859; x_wconf 82' lang='lat' dir='ltr'><strong>lemmati:</strong></span> <span class='ocrx_word' id='word_1_74' title='bbox 1344 1793 1531 1874; x_wconf 72' lang='grc' dir='ltr'><em>θρασύνεται,</em></span> <span class='ocrx_word' id='word_1_75' title='bbox 1557 1816 1604 1862; x_wconf 91' lang='lat' dir='ltr'><strong>vs.</strong></span> 
     </span>
    </p>
   </div>
   <div class='ocr_carea' id='block_1_4' title="bbox 322 1915 1765 2011">
    <p class='ocr_par' dir='ltr' id='par_1_4' title="bbox 322 1915 1765 2011">
     <span class='ocr_line' id='line_1_9' title="bbox 322 1915 1765 2011; baseline 0.001 -19"><span class='ocrx_word' id='word_1_76' title='bbox 322 1927 406 2010; x_wconf 84' lang='lat'>846,</span> <span class='ocrx_word' id='word_1_77' title='bbox 431 1925 564 1991; x_wconf 88' lang='lat' dir='ltr'><strong>ascribit</strong></span> <span class='ocrx_word' id='word_1_78' title='bbox 587 1926 718 2011; x_wconf 78' lang='lat' dir='ltr'><strong>legens:</strong></span> <span class='ocrx_word' id='word_1_79' title='bbox 753 1915 979 2005; x_wconf 74' lang='lat' dir='ltr'><strong>dpacrlrepc</strong></span> <span class='ocrx_word' id='word_1_80' title='bbox 1015 1927 1123 2006; x_wconf 77' lang='grc' dir='ltr'><strong>γαρδ.</strong></span> <span class='ocrx_word' id='word_1_81' title='bbox 1149 1930 1172 1993; x_wconf 87' lang='grc' dir='ltr'><strong>ε’.</strong></span> <span class='ocrx_word' id='word_1_82' title='bbox 1209 1928 1257 1993; x_wconf 74' lang='grc' dir='ltr'><strong>τα</strong></span> <span class='ocrx_word' id='word_1_83' title='bbox 1284 1928 1482 2008; x_wconf 74' lang='grc' dir='ltr'><strong>πρόσωπα.</strong></span> <span class='ocrx_word' id='word_1_84' title='bbox 1527 1928 1606 1994; x_wconf 84' lang='lat' dir='ltr'><strong>Per·</strong></span> <span class='ocrx_word' id='word_1_85' title='bbox 1720 2007 1722 2010; x_wconf 13' lang='grc' dir='ltr'><strong><em>ι</em></strong></span> <span class='ocrx_word' id='word_1_86' title='bbox 1764 1978 1765 1983; x_wconf 35' lang='lat'>1</span> 
     </span>
    </p>
   </div>
   <div class='ocr_carea' id='block_1_5' title="bbox 277 2050 1667 3768">
    <p class='ocr_par' dir='ltr' id='par_1_5' title="bbox 321 2050 1667 3092">
     <span class='ocr_line' id='line_1_10' title="bbox 322 2050 1604 2148; baseline 0.001 -22"><span class='ocrx_word' id='word_1_87' title='bbox 322 2082 434 2148; x_wconf 90' lang='lat' dir='ltr'><strong>peram</strong></span> <span class='ocrx_word' id='word_1_88' title='bbox 458 2062 528 2126; x_wconf 93' lang='lat' dir='ltr'><strong>sine</strong></span> <span class='ocrx_word' id='word_1_89' title='bbox 553 2059 662 2127; x_wconf 92' lang='lat' dir='ltr'><strong>dubio.</strong></span> <span class='ocrx_word' id='word_1_90' title='bbox 709 2060 832 2125; x_wconf 89' lang='lat' dir='ltr'><strong>Vocem</strong></span> <span class='ocrx_word' id='word_1_91' title='bbox 858 2050 952 2126; x_wconf 81' lang='lat' dir='ltr'><strong>enim¹</strong></span> <span class='ocrx_word' id='word_1_92' title='bbox 970 2061 1140 2139; x_wconf 69' lang='grc' dir='ltr'><strong>θρασύνεται</strong></span> <span class='ocrx_word' id='word_1_93' title='bbox 1164 2062 1217 2127; x_wconf 92' lang='lat' dir='ltr'><strong>hic</strong></span> <span class='ocrx_word' id='word_1_94' title='bbox 1242 2061 1283 2127; x_wconf 94' lang='lat' dir='ltr'><strong>ad</strong></span> <span class='ocrx_word' id='word_1_95' title='bbox 1307 2063 1409 2129; x_wconf 91' lang='lat' dir='ltr'><strong>verba</strong></span> <span class='ocrx_word' id='word_1_96' title='bbox 1432 2063 1550 2129; x_wconf 87' lang='lat' dir='ltr'><strong>acerba</strong></span> <span class='ocrx_word' id='word_1_97' title='bbox 1567 2084 1604 2128; x_wconf 84' lang='lat' dir='ltr'><strong>ac</strong></span> 
     </span>
     <span class='ocr_line' id='line_1_11' title="bbox 322 2194 1604 2285; baseline 0 -22"><span class='ocrx_word' id='word_1_98' title='bbox 322 2196 532 2263; x_wconf 78' lang='lat' dir='ltr'><strong>vehementia</strong></span> <span class='ocrx_word' id='word_1_99' title='bbox 554 2194 737 2283; x_wconf 80' lang='lat' dir='ltr'><strong>Euripidis,</strong></span> <span class='ocrx_word' id='word_1_100' title='bbox 761 2216 806 2260; x_wconf 92' lang='lat' dir='ltr'><strong>vs.</strong></span> <span class='ocrx_word' id='word_1_101' title='bbox 832 2197 1005 2280; x_wconf 85' lang='grc'>836-40,</span> <span class='ocrx_word' id='word_1_102' title='bbox 1031 2202 1180 2285; x_wconf 84' lang='lat' dir='ltr'><strong>spectare</strong></span> <span class='ocrx_word' id='word_1_103' title='bbox 1203 2197 1276 2263; x_wconf 94' lang='lat' dir='ltr'><strong>luce</strong></span> <span class='ocrx_word' id='word_1_104' title='bbox 1300 2202 1350 2263; x_wconf 95' lang='lat' dir='ltr'><strong>est</strong></span> <span class='ocrx_word' id='word_1_105' title='bbox 1374 2197 1502 2264; x_wconf 88' lang='lat' dir='ltr'><strong>clarius.</strong></span> <span class='ocrx_word' id='word_1_106' title='bbox 1535 2196 1604 2263; x_wconf 87' lang='lat' dir='ltr'><strong>Nec</strong></span> 
     </span>
     <span class='ocr_line' id='line_1_12' title="bbox 321 2329 1599 2419; baseline 0 -23"><span class='ocrx_word' id='word_1_107' title='bbox 321 2332 416 2397; x_wconf 87' lang='lat' dir='ltr'><strong>facile</strong></span> <span class='ocrx_word' id='word_1_108' title='bbox 440 2330 584 2396; x_wconf 90' lang='lat' dir='ltr'><strong>adducar</strong></span> <span class='ocrx_word' id='word_1_109' title='bbox 608 2335 644 2394; x_wconf 94' lang='lat' dir='ltr'><strong>ut</strong></span> <span class='ocrx_word' id='word_1_110' title='bbox 667 2329 796 2396; x_wconf 89' lang='lat' dir='ltr'><strong>credam</strong></span> <span class='ocrx_word' id='word_1_111' title='bbox 822 2330 1044 2416; x_wconf 87' lang='lat' dir='ltr'><strong>scholiastam‚</strong></span> <span class='ocrx_word' id='word_1_112' title='bbox 1070 2333 1218 2418; x_wconf 88' lang='lat' dir='ltr'><strong>quamvis</strong></span> <span class='ocrx_word' id='word_1_113' title='bbox 1242 2331 1420 2419; x_wconf 88' lang='lat' dir='ltr'><strong>stupidum,</strong></span> <span class='ocrx_word' id='word_1_114' title='bbox 1444 2332 1506 2397; x_wconf 92' lang='lat' dir='ltr'><strong>hoo</strong></span> <span class='ocrx_word' id='word_1_115' title='bbox 1532 2352 1599 2396; x_wconf 92' lang='lat' dir='ltr'><strong>non</strong></span> 
     </span>
     <span class='ocr_line' id='line_1_13' title="bbox 324 2465 1605 2556; baseline 0 -25"><span class='ocrx_word' id='word_1_116' title='bbox 324 2467 528 2533; x_wconf 76' lang='lat' dir='ltr'><strong>intellexisse</strong></span> <span class='ocrx_word' id='word_1_117' title='bbox 559 2465 700 2554; x_wconf 89' lang='lat' dir='ltr'><strong>ideoque</strong></span> <span class='ocrx_word' id='word_1_118' title='bbox 724 2466 978 2553; x_wconf 81' lang='lat' dir='ltr'><strong>explicationem</strong></span> <span class='ocrx_word' id='word_1_119' title='bbox 1000 2468 1035 2531; x_wconf 94' lang='lat' dir='ltr'><strong>in</strong></span> <span class='ocrx_word' id='word_1_120' title='bbox 1059 2468 1172 2554; x_wconf 92' lang='lat' dir='ltr'><strong>paucis</strong></span> <span class='ocrx_word' id='word_1_121' title='bbox 1194 2467 1341 2556; x_wconf 86' lang='lat' dir='ltr'><strong>ineptam</strong></span> <span class='ocrx_word' id='word_1_122' title='bbox 1366 2472 1399 2532; x_wconf 89' lang='lat' dir='ltr'><strong>et</strong></span> <span class='ocrx_word' id='word_1_123' title='bbox 1423 2467 1605 2553; x_wconf 83' lang='lat' dir='ltr'><strong>quaesitam</strong></span> 
     </span>
     <span class='ocr_line' id='line_1_14' title="bbox 325 2600 1605 2690; baseline 0.002 -25"><span class='ocrx_word' id='word_1_124' title='bbox 325 2600 464 2667; x_wconf 86' lang='lat' dir='ltr'><strong>dedisse.</strong></span> <span class='ocrx_word' id='word_1_125' title='bbox 482 2602 630 2666; x_wconf 90' lang='lat' dir='ltr'><strong>—Loco</strong></span> <span class='ocrx_word' id='word_1_126' title='bbox 654 2602 735 2667; x_wconf 87' lang='lat' dir='ltr'><strong>haec</strong></span> <span class='ocrx_word' id='word_1_127' title='bbox 760 2622 827 2666; x_wconf 95' lang='lat' dir='ltr'><strong>non</strong></span> <span class='ocrx_word' id='word_1_128' title='bbox 851 2622 982 2668; x_wconf 93' lang='lat' dir='ltr'><strong>movere</strong></span> <span class='ocrx_word' id='word_1_129' title='bbox 1006 2602 1133 2667; x_wconf 91' lang='lat' dir='ltr'><strong>cautius</strong></span> <span class='ocrx_word' id='word_1_130' title='bbox 1158 2603 1237 2667; x_wconf 90' lang='lat' dir='ltr'><strong>mihi</strong></span> <span class='ocrx_word' id='word_1_131' title='bbox 1254 2602 1394 2687; x_wconf 89' lang='lat' dir='ltr'><strong>videtur,</strong></span> <span class='ocrx_word' id='word_1_132' title='bbox 1411 2624 1605 2690; x_wconf 88' lang='lat' dir='ltr'><strong>quamquam</strong></span> 
     </span>
     <span class='ocr_line' id='line_1_15' title="bbox 323 2735 1667 2825; baseline 0.001 -25"><span class='ocrx_word' id='word_1_133' title='bbox 323 2736 418 2800; x_wconf 93' lang='lat' dir='ltr'><strong>nihili</strong></span> <span class='ocrx_word' id='word_1_134' title='bbox 453 2756 524 2801; x_wconf 89' lang='lat' dir='ltr'><strong>esse</strong></span> <span class='ocrx_word' id='word_1_135' title='bbox 561 2735 681 2801; x_wconf 87' lang='lat' dir='ltr'><strong>codicis</strong></span> <span class='ocrx_word' id='word_1_136' title='bbox 717 2736 910 2823; x_wconf 85' lang='lat' dir='ltr'><strong>scripturam</strong></span> <span class='ocrx_word' id='word_1_137' title='bbox 941 2739 1016 2822; x_wconf 89' lang='lat' dir='ltr'><strong>jure</strong></span> <span class='ocrx_word' id='word_1_138' title='bbox 1045 2737 1197 2825; x_wconf 91' lang='lat' dir='ltr'><strong>perhibet</strong></span> <span class='ocrx_word' id='word_1_139' title='bbox 1220 2737 1398 2803; x_wconf 84' lang='lat' dir='ltr'><strong>Fritzsche.</strong></span> <span class='ocrx_word' id='word_1_140' title='bbox 1444 2738 1484 2803; x_wconf 93' lang='lat' dir='ltr'><strong>In</strong></span> <span class='ocrx_word' id='word_1_141' title='bbox 1508 2758 1606 2803; x_wconf 88' lang='lat' dir='ltr'><strong>causa</strong></span> <span class='ocrx_word' id='word_1_142' title='bbox 1665 2749 1667 2753; x_wconf 71' lang='lat'><strong><em>‘</em></strong></span> 
     </span>
     <span class='ocr_line' id='line_1_16' title="bbox 323 2870 1601 2959; baseline 0 -24"><span class='ocrx_word' id='word_1_143' title='bbox 323 2875 391 2953; x_wconf 89' lang='lat' dir='ltr'><strong>est,</strong></span> <span class='ocrx_word' id='word_1_144' title='bbox 416 2870 479 2934; x_wconf 89' lang='lat' dir='ltr'><strong>nisi</strong></span> <span class='ocrx_word' id='word_1_145' title='bbox 502 2870 607 2954; x_wconf 81' lang='lat' dir='ltr'><strong>fallor,</strong></span> <span class='ocrx_word' id='word_1_146' title='bbox 632 2872 739 2957; x_wconf 86' lang='lat' dir='ltr'><strong>gravis</strong></span> <span class='ocrx_word' id='word_1_147' title='bbox 759 2870 835 2936; x_wconf 90' lang='lat' dir='ltr'><strong>libri</strong></span> <span class='ocrx_word' id='word_1_148' title='bbox 851 2872 911 2937; x_wconf 89' lang='lat' dir='ltr'><strong>Ms.</strong></span> <span class='ocrx_word' id='word_1_149' title='bbox 929 2872 1132 2959; x_wconf 87' lang='lat' dir='ltr'><strong>corruptela,</strong></span> <span class='ocrx_word' id='word_1_150' title='bbox 1154 2872 1211 2958; x_wconf 92' lang='lat' dir='ltr'><strong>qui</strong></span> <span class='ocrx_word' id='word_1_151' title='bbox 1225 2871 1368 2937; x_wconf 90' lang='lat' dir='ltr'><strong>lacerum</strong></span> <span class='ocrx_word' id='word_1_152' title='bbox 1383 2872 1601 2958; x_wconf 78' lang='lat' dir='ltr'><strong>&#39;fragmentum</strong></span> 
     </span>
     <span class='ocr_line' id='line_1_17' title="bbox 322 3005 1021 3092; baseline 0.006 -23"><span class='ocrx_word' id='word_1_153' title='bbox 322 3006 480 3092; x_wconf 86' lang='lat' dir='ltr'><strong>longioris</strong></span> <span class='ocrx_word' id='word_1_154' title='bbox 503 3005 726 3070; x_wconf 86' lang='lat' dir='ltr'><strong>annotationis</strong></span> <span class='ocrx_word' id='word_1_155' title='bbox 750 3005 845 3071; x_wconf 89' lang='lat' dir='ltr'><strong>nobis</strong></span> <span class='ocrx_word' id='word_1_156' title='bbox 869 3006 1021 3073; x_wconf 85' lang='lat' dir='ltr'><strong>servavit.</strong></span> 
     </span>
    </p>

    <p class='ocr_par' dir='ltr' id='par_1_6' title="bbox 368 3139 1296 3221">
     <span class='ocr_line' id='line_1_18' title="bbox 368 3139 1296 3221; baseline 0.002 -17"><span class='ocrx_word' id='word_1_157' title='bbox 368 3139 472 3205; x_wconf 82' lang='lat' dir='ltr'><strong>Schol.</strong></span> <span class='ocrx_word' id='word_1_158' title='bbox 499 3140 578 3206; x_wconf 80' lang='lat' dir='ltr'><strong>Bac.</strong></span> <span class='ocrx_word' id='word_1_159' title='bbox 603 3139 646 3203; x_wconf 85' lang='lat' dir='ltr'><strong>ad</strong></span> <span class='ocrx_word' id='word_1_160' title='bbox 667 3161 711 3207; x_wconf 77' lang='lat' dir='ltr'><strong>oe.</strong></span> <span class='ocrx_word' id='word_1_161' title='bbox 736 3142 811 3208; x_wconf 79' lang='lat'><strong>854.</strong></span> <span class='ocrx_word' id='word_1_162' title='bbox 847 3143 1020 3221; x_wconf 73' lang='grc' dir='ltr'><em>κεφαλαίῳτ</em></span> <span class='ocrx_word' id='word_1_163' title='bbox 1045 3141 1112 3205; x_wconf 73' lang='lat' dir='ltr'><strong>clari</strong></span> <span class='ocrx_word' id='word_1_164' title='bbox 1138 3147 1188 3206; x_wconf 83' lang='grc' dir='ltr'><strong>τοῦ</strong></span> <span class='ocrx_word' id='word_1_165' title='bbox 1213 3142 1296 3221; x_wconf 69' lang='grc' dir='ltr'><strong>ἁδρῷ.</strong></span> 
     </span>
    </p>

    <p class='ocr_par' dir='ltr' id='par_1_7' title="bbox 277 3274 1609 3768">
     <span class='ocr_line' id='line_1_19' title="bbox 367 3274 1609 3361; baseline -0.002 -20"><span class='ocrx_word' id='word_1_166' title='bbox 367 3274 470 3341; x_wconf 87' lang='lat' dir='ltr'><strong>Ruth.</strong></span> <span class='ocrx_word' id='word_1_167' title='bbox 505 3275 539 3338; x_wconf 95' lang='lat' dir='ltr'><strong>in</strong></span> <span class='ocrx_word' id='word_1_168' title='bbox 575 3275 806 3341; x_wconf 89' lang='lat' dir='ltr'><strong>annotatione:</strong></span> <span class='ocrx_word' id='word_1_169' title='bbox 846 3276 912 3340; x_wconf 80' lang='lat' dir='ltr'><strong>The</strong></span> <span class='ocrx_word' id='word_1_170' title='bbox 941 3277 1077 3361; x_wconf 74' lang='lat' dir='ltr'><strong>spelling</strong></span> <span class='ocrx_word' id='word_1_171' title='bbox 1108 3276 1221 3356; x_wconf 71' lang='grc' dir='ltr'><em>ἁδρός</em></span> <span class='ocrx_word' id='word_1_172' title='bbox 1246 3274 1402 3361; x_wconf 77' lang='lat' dir='ltr'><strong>probably</strong></span> <span class='ocrx_word' id='word_1_173' title='bbox 1426 3281 1609 3361; x_wconf 52' lang='lat' dir='ltr'><strong>represents*</strong></span> 
     </span>
     <span class='ocr_line' id='line_1_20' title="bbox 323 3409 1603 3498; baseline 0 -24"><span class='ocrx_word' id='word_1_174' title='bbox 323 3410 374 3474; x_wconf 84' lang='lat' dir='ltr'><strong>the</strong></span> <span class='ocrx_word' id='word_1_175' title='bbox 407 3409 562 3495; x_wconf 74' lang='lat' dir='ltr'><strong>ordinary</strong></span> <span class='ocrx_word' id='word_1_176' title='bbox 592 3410 852 3495; x_wconf 75' lang='lat' dir='ltr'><strong>prorruucictica.</strong></span> <span class='ocrx_word' id='word_1_177' title='bbox 890 3410 981 3485; x_wconf 82' lang='lat' dir='ltr'><strong>Quae</strong></span> <span class='ocrx_word' id='word_1_178' title='bbox 1013 3412 1180 3477; x_wconf 87' lang='lat' dir='ltr'><strong>sententia</strong></span> <span class='ocrx_word' id='word_1_179' title='bbox 1210 3409 1373 3498; x_wconf 90' lang='lat' dir='ltr'><strong>quomodo</strong></span> <span class='ocrx_word' id='word_1_180' title='bbox 1402 3410 1603 3496; x_wconf 85' lang='lat' dir='ltr'><strong>argumentis</strong></span> 
     </span>
     <span class='ocr_line' id='line_1_21' title="bbox 322 3543 1605 3633; baseline 0.002 -25"><span class='ocrx_word' id='word_1_181' title='bbox 322 3544 443 3610; x_wconf 87' lang='lat' dir='ltr'><strong>firmari</strong></span> <span class='ocrx_word' id='word_1_182' title='bbox 477 3544 580 3633; x_wconf 89' lang='lat' dir='ltr'><strong>possit</strong></span> <span class='ocrx_word' id='word_1_183' title='bbox 615 3565 681 3608; x_wconf 90' lang='lat' dir='ltr'><strong>non</strong></span> <span class='ocrx_word' id='word_1_184' title='bbox 716 3543 821 3611; x_wconf 89' lang='lat' dir='ltr'><strong>video.</strong></span> <span class='ocrx_word' id='word_1_185' title='bbox 858 3545 958 3610; x_wconf 87' lang='lat' dir='ltr'><strong>Vocis</strong></span> <span class='ocrx_word' id='word_1_186' title='bbox 993 3545 1080 3610; x_wconf 89' lang='lat' dir='ltr'><strong>enim</strong></span> <span class='ocrx_word' id='word_1_187' title='bbox 1116 3545 1196 3625; x_wconf 74' lang='grc' dir='ltr'><strong>αδρές</strong></span> <span class='ocrx_word' id='word_1_188' title='bbox 1233 3567 1307 3611; x_wconf 91' lang='lat' dir='ltr'><strong>cum</strong></span> <span class='ocrx_word' id='word_1_189' title='bbox 1343 3550 1477 3633; x_wconf 82' lang='lat' dir='ltr'><strong>etymon</strong></span> <span class='ocrx_word' id='word_1_190' title='bbox 1508 3546 1605 3633; x_wconf 87' lang='lat' dir='ltr'><strong>plane</strong></span> 
     </span>
     <span class='ocr_line' id='line_1_22' title="bbox 277 3646 1604 3768; baseline 0 -23"><span class='ocrx_word' id='word_1_191' title='bbox 277 3654 281 3661; x_wconf 31' lang='lat'>⁵</span> <span class='ocrx_word' id='word_1_192' title='bbox 325 3680 497 3745; x_wconf 91' lang='lat' dir='ltr'><strong>obscurum</strong></span> <span class='ocrx_word' id='word_1_193' title='bbox 522 3679 565 3744; x_wconf 91' lang='lat' dir='ltr'><strong>sit</strong></span> <span class='ocrx_word' id='word_1_194' title='bbox 580 3681 625 3765; x_wconf 76' lang='lat'><strong>2),</strong></span> <span class='ocrx_word' id='word_1_195' title='bbox 650 3679 847 3765; x_wconf 80' lang='lat' dir='ltr'><strong>conjecturis</strong></span> <span class='ocrx_word' id='word_1_196' title='bbox 872 3678 913 3745; x_wconf 94' lang='lat' dir='ltr'><strong>de</strong></span> <span class='ocrx_word' id='word_1_197' title='bbox 937 3679 1065 3745; x_wconf 87' lang='lat' dir='ltr'><strong>ratione</strong></span> <span class='ocrx_word' id='word_1_198' title='bbox 1089 3680 1253 3747; x_wconf 89' lang='lat' dir='ltr'><strong>scribendi</strong></span> <span class='ocrx_word' id='word_1_199' title='bbox 1276 3702 1410 3768; x_wconf 90' lang='lat' dir='ltr'><strong>parcere</strong></span> <span class='ocrx_word' id='word_1_200' title='bbox 1427 3646 1604 3768; x_wconf 88' lang='lat' dir='ltr'><strong>praestare</strong></span> 
     </span>
    </p>
   </div>
   <div class='ocr_carea' id='block_1_6' title="bbox 322 3814 1605 3902">
    <p class='ocr_par' dir='ltr' id='par_1_8' title="bbox 322 3814 1605 3902">
     <span class='ocr_line' id='line_1_23' title="bbox 322 3814 1605 3902; baseline -0.002 -20"><span class='ocrx_word' id='word_1_201' title='bbox 322 3814 463 3883; x_wconf 90' lang='lat' dir='ltr'><strong>videtur.</strong></span> <span class='ocrx_word' id='word_1_202' title='bbox 481 3852 523 3864; x_wconf 95' lang='lat'><em>-</em></span> <span class='ocrx_word' id='word_1_203' title='bbox 539 3816 723 3881; x_wconf 87' lang='lat' dir='ltr'><strong>Buttmann</strong></span> <span class='ocrx_word' id='word_1_204' title='bbox 738 3814 767 3899; x_wconf 79' lang='grc'><strong>3)</strong></span> <span class='ocrx_word' id='word_1_205' title='bbox 792 3835 906 3880; x_wconf 88' lang='lat' dir='ltr'><strong>vocem</strong></span> <span class='ocrx_word' id='word_1_206' title='bbox 923 3816 1142 3902; x_wconf 82' lang='lat' dir='ltr'><strong>etymologica</strong></span> <span class='ocrx_word' id='word_1_207' title='bbox 1159 3815 1334 3881; x_wconf 88' lang='lat' dir='ltr'><strong>cohaerere</strong></span> <span class='ocrx_word' id='word_1_208' title='bbox 1351 3837 1424 3880; x_wconf 93' lang='lat' dir='ltr'><strong>cum</strong></span> <span class='ocrx_word' id='word_1_209' title='bbox 1441 3815 1605 3902; x_wconf 89' lang='lat' dir='ltr'><strong>adjectivo</strong></span> 
     </span>
    </p>
   </div>
   <div class='ocr_carea' id='block_1_7' title="bbox 323 3948 1604 4039">
    <p class='ocr_par' dir='ltr' id='par_1_9' title="bbox 323 3948 1604 4039">
     <span class='ocr_line' id='line_1_24' title="bbox 323 3948 1604 4039; baseline 0 -24"><span class='ocrx_word' id='word_1_210' title='bbox 323 3951 415 4037; x_wconf 81' lang='lat' dir='ltr'><strong>spico</strong></span> <span class='ocrx_word' id='word_1_211' title='bbox 438 3948 530 4021; x_wconf 71' lang='grc' dir='ltr'><strong>ὶδαὸς</strong></span> <span class='ocrx_word' id='word_1_212' title='bbox 553 3951 755 4039; x_wconf 85' lang='lat' dir='ltr'><strong>suspicatur,</strong></span> <span class='ocrx_word' id='word_1_213' title='bbox 780 3949 969 4015; x_wconf 85' lang='lat' dir='ltr'><strong>conferens:</strong></span> <span class='ocrx_word' id='word_1_214' title='bbox 995 3950 1093 4030; x_wconf 72' lang='grc' dir='ltr'><strong><em>κυδρός</em></strong></span> <span class='ocrx_word' id='word_1_215' title='bbox 1117 3987 1160 3998; x_wconf 93' lang='grc'>-</span> <span class='ocrx_word' id='word_1_216' title='bbox 1177 3948 1284 4028; x_wconf 68' lang='lat' dir='ltr'><strong>sabaoh,</strong></span> <span class='ocrx_word' id='word_1_217' title='bbox 1310 3950 1414 4031; x_wconf 72' lang='grc' dir='ltr'><em>ψυδρός</em></span> <span class='ocrx_word' id='word_1_218' title='bbox 1432 3988 1475 3998; x_wconf 95' lang='grc'>-</span> <span class='ocrx_word' id='word_1_219' title='bbox 1491 3948 1604 4030; x_wconf 63' lang='lat' dir='ltr'><strong>buluir.</strong></span> 
     </span>
    </p>
   </div>
   <div class='ocr_carea' id='block_1_8' title="bbox 319 4082 1698 4576">
    <p class='ocr_par' dir='ltr' id='par_1_10' title="bbox 319 4082 1698 4576">
     <span class='ocr_line' id='line_1_25' title="bbox 324 4082 1606 4171; baseline 0 -23"><span class='ocrx_word' id='word_1_220' title='bbox 324 4083 396 4159; x_wconf 84' lang='lat' dir='ltr'><strong>Qua</strong></span> <span class='ocrx_word' id='word_1_221' title='bbox 432 4091 542 4150; x_wconf 90' lang='lat' dir='ltr'><strong>tamen</strong></span> <span class='ocrx_word' id='word_1_222' title='bbox 574 4085 764 4170; x_wconf 86' lang='lat' dir='ltr'><strong>conjectura</strong></span> <span class='ocrx_word' id='word_1_223' title='bbox 796 4083 878 4148; x_wconf 92' lang='lat' dir='ltr'><strong>nihil</strong></span> <span class='ocrx_word' id='word_1_224' title='bbox 902 4084 1087 4171; x_wconf 90' lang='lat' dir='ltr'><strong>proficimus</strong></span> <span class='ocrx_word' id='word_1_225' title='bbox 1111 4106 1184 4149; x_wconf 91' lang='lat' dir='ltr'><strong>cum</strong></span> <span class='ocrx_word' id='word_1_226' title='bbox 1209 4105 1251 4149; x_wconf 91' lang='lat' dir='ltr'><strong>ne</strong></span> <span class='ocrx_word' id='word_1_227' title='bbox 1273 4084 1372 4170; x_wconf 90' lang='lat' dir='ltr'><strong>hujus</strong></span> <span class='ocrx_word' id='word_1_228' title='bbox 1396 4082 1527 4170; x_wconf 89' lang='lat' dir='ltr'><strong>quidem</strong></span> <span class='ocrx_word' id='word_1_229' title='bbox 1550 4083 1606 4149; x_wconf 89' lang='lat' dir='ltr'><strong>ad-</strong></span> 
     </span>
     <span class='ocr_line' id='line_1_26' title="bbox 319 4206 1698 4306; baseline 0.001 -23"><span class='ocrx_word' id='word_1_230' title='bbox 319 4218 434 4303; x_wconf 85' lang='lat' dir='ltr'><strong>jectivi</strong></span> <span class='ocrx_word' id='word_1_231' title='bbox 466 4218 626 4306; x_wconf 89' lang='lat' dir='ltr'><strong>scriptura</strong></span> <span class='ocrx_word' id='word_1_232' title='bbox 658 4222 796 4284; x_wconf 91' lang='lat' dir='ltr'><strong>constet.</strong></span> <span class='ocrx_word' id='word_1_233' title='bbox 833 4218 932 4283; x_wconf 83' lang='lat' dir='ltr'><strong>Teste</strong></span> <span class='ocrx_word' id='word_1_234' title='bbox 965 4218 1052 4283; x_wconf 90' lang='lat' dir='ltr'><strong>enim</strong></span> <span class='ocrx_word' id='word_1_235' title='bbox 1087 4218 1210 4284; x_wconf 94' lang='lat' dir='ltr'><strong>scholio</strong></span> <span class='ocrx_word' id='word_1_236' title='bbox 1234 4217 1274 4284; x_wconf 88' lang='lat' dir='ltr'><strong>ad</strong></span> <span class='ocrx_word' id='word_1_237' title='bbox 1300 4219 1397 4286; x_wconf 94' lang='lat' dir='ltr'><strong>Hom.</strong></span> <span class='ocrx_word' id='word_1_238' title='bbox 1424 4220 1467 4285; x_wconf 94' lang='lat' dir='ltr'><strong>Il.</strong></span> <span class='ocrx_word' id='word_1_239' title='bbox 1492 4220 1536 4285; x_wconf 94' lang='lat' dir='ltr'><strong>II.</strong></span> <span class='ocrx_word' id='word_1_240' title='bbox 1563 4223 1604 4286; x_wconf 78' lang='lat'><strong>87</strong></span> <span class='ocrx_word' id='word_1_241' title='bbox 1696 4206 1698 4211; x_wconf 37' lang='lat'><strong>¹</strong></span> 
     </span>
     <span class='ocr_line' id='line_1_27' title="bbox 325 4350 1606 4441; baseline 0.002 -24"><span class='ocrx_word' id='word_1_242' title='bbox 325 4352 379 4436; x_wconf 84' lang='lat' dir='ltr'><strong>(cf.</strong></span> <span class='ocrx_word' id='word_1_243' title='bbox 411 4353 562 4420; x_wconf 80' lang='lat' dir='ltr'><strong>Eustath.</strong></span> <span class='ocrx_word' id='word_1_244' title='bbox 595 4376 627 4441; x_wconf 92' lang='lat' dir='ltr'><strong>p.</strong></span> <span class='ocrx_word' id='word_1_245' title='bbox 662 4355 743 4436; x_wconf 74' lang='lat'><strong>178,</strong></span> <span class='ocrx_word' id='word_1_246' title='bbox 777 4350 836 4440; x_wconf 83' lang='lat'><strong>22)</strong></span> <span class='ocrx_word' id='word_1_247' title='bbox 861 4352 960 4417; x_wconf 90' lang='lat' dir='ltr'><strong>etiam</strong></span> <span class='ocrx_word' id='word_1_248' title='bbox 995 4352 1088 4423; x_wconf 75' lang='grc' dir='ltr'><em>αδαός</em></span> <span class='ocrx_word' id='word_1_249' title='bbox 1123 4353 1157 4417; x_wconf 92' lang='lat' dir='ltr'><strong>in</strong></span> <span class='ocrx_word' id='word_1_250' title='bbox 1193 4374 1253 4418; x_wconf 89' lang='lat' dir='ltr'><strong>usu</strong></span> <span class='ocrx_word' id='word_1_251' title='bbox 1288 4358 1368 4422; x_wconf 89' lang='lat' dir='ltr'><strong>erat.</strong></span> <span class='ocrx_word' id='word_1_252' title='bbox 1394 4390 1435 4403; x_wconf 94' lang='lat'>-</span> <span class='ocrx_word' id='word_1_253' title='bbox 1460 4355 1606 4421; x_wconf 81' lang='lat' dir='ltr'><strong>Similem</strong></span> 
     </span>
     <span class='ocr_line' id='line_1_28' title="bbox 324 4484 1179 4576; baseline 0.004 -26"><span class='ocrx_word' id='word_1_254' title='bbox 324 4484 562 4553; x_wconf 88' lang='lat' dir='ltr'><strong>dubitationem</strong></span> <span class='ocrx_word' id='word_1_255' title='bbox 585 4487 685 4553; x_wconf 90' lang='lat' dir='ltr'><strong>habet</strong></span> <span class='ocrx_word' id='word_1_256' title='bbox 708 4488 869 4576; x_wconf 85' lang='lat' dir='ltr'><strong>scriptura</strong></span> <span class='ocrx_word' id='word_1_257' title='bbox 891 4486 1048 4574; x_wconf 85' lang='lat' dir='ltr'><strong>adjectivi</strong></span> <span class='ocrx_word' id='word_1_258' title='bbox 1071 4488 1179 4567; x_wconf 69' lang='grc' dir='ltr'><strong>αθροός.</strong></span> 
     </span>
    </p>
   </div>
   <div class='ocr_carea' id='block_1_9' title="bbox 357 4853 698 4927">
    <p class='ocr_par' dir='ltr' id='par_1_11' title="bbox 357 4853 698 4927">
     <span class='ocr_line' id='line_1_29' title="bbox 357 4853 698 4927; baseline 0.015 -16"><span class='ocrx_word' id='word_1_259' title='bbox 357 4860 385 4927; x_wconf 93' lang='grc'><strong>1)</strong></span> <span class='ocrx_word' id='word_1_260' title='bbox 403 4861 529 4915; x_wconf 84' lang='lat' dir='ltr'><strong>Mnemos.</strong></span> <span class='ocrx_word' id='word_1_261' title='bbox 547 4862 580 4913; x_wconf 72' lang='grc'><strong>14</strong></span> <span class='ocrx_word' id='word_1_262' title='bbox 599 4853 623 4927; x_wconf 78' lang='grc' dir='ltr'><strong>ρ.</strong></span> <span class='ocrx_word' id='word_1_263' title='bbox 641 4862 698 4916; x_wconf 82' lang='grc'><strong>339.</strong></span> 
     </span>
    </p>
   </div>
   <div class='ocr_carea' id='block_1_10' title="bbox 231 4953 1104 5024">
    <p class='ocr_par' dir='ltr' id='par_1_12' title="bbox 231 4953 1104 5024">
     <span class='ocr_line' id='line_1_30' title="bbox 231 4953 1104 5024; baseline 0.005 -21"><span class='ocrx_word' id='word_1_264' title='bbox 231 4959 234 4963; x_wconf 69' lang='grc'><em>”</em></span> <span class='ocrx_word' id='word_1_265' title='bbox 345 4953 385 5018; x_wconf 70' lang='grc'><strong>’1)</strong></span> <span class='ocrx_word' id='word_1_266' title='bbox 403 4954 441 5006; x_wconf 80' lang='lat' dir='ltr'><strong>Cf.</strong></span> <span class='ocrx_word' id='word_1_267' title='bbox 459 4955 546 5022; x_wconf 76' lang='lat' dir='ltr'><strong>Meyer</strong></span> <span class='ocrx_word' id='word_1_268' title='bbox 563 4956 667 5009; x_wconf 88' lang='lat' dir='ltr'><strong>Handb.</strong></span> <span class='ocrx_word' id='word_1_269' title='bbox 683 4959 708 5009; x_wconf 94' lang='lat' dir='ltr'><strong>d.</strong></span> <span class='ocrx_word' id='word_1_270' title='bbox 725 4957 770 5010; x_wconf 86' lang='lat' dir='ltr'><strong>Gr.</strong></span> <span class='ocrx_word' id='word_1_271' title='bbox 787 4957 872 5024; x_wconf 78' lang='lat' dir='ltr'><strong>Etym.</strong></span> <span class='ocrx_word' id='word_1_272' title='bbox 890 4959 910 5010; x_wconf 96' lang='lat' dir='ltr'><strong>I.</strong></span> <span class='ocrx_word' id='word_1_273' title='bbox 929 4974 955 5023; x_wconf 87' lang='lat' dir='ltr'><strong>p.</strong></span> <span class='ocrx_word' id='word_1_274' title='bbox 971 4955 1028 5022; x_wconf 81' lang='grc'><strong>111,</strong></span> <span class='ocrx_word' id='word_1_275' title='bbox 1046 4956 1104 5010; x_wconf 74' lang='grc'><strong>113.</strong></span> 
     </span>
    </p>
   </div>
   <div class='ocr_carea' id='block_1_11' title="bbox 357 5046 643 5114">
    <p class='ocr_par' dir='ltr' id='par_1_13' title="bbox 357 5046 643 5114">
     <span class='ocr_line' id='line_1_31' title="bbox 357 5046 643 5114; baseline 0.014 -17"><span class='ocrx_word' id='word_1_276' title='bbox 357 5046 386 5114; x_wconf 83' lang='lat'><strong>3)</strong></span> <span class='ocrx_word' id='word_1_277' title='bbox 403 5047 485 5101; x_wconf 87' lang='lat' dir='ltr'><strong>chil.</strong></span> <span class='ocrx_word' id='word_1_278' title='bbox 504 5050 524 5100; x_wconf 90' lang='lat' dir='ltr'><strong>l.</strong></span> <span class='ocrx_word' id='word_1_279' title='bbox 543 5065 566 5114; x_wconf 89' lang='lat' dir='ltr'><strong>p.</strong></span> <span class='ocrx_word' id='word_1_280' title='bbox 585 5049 643 5101; x_wconf 80' lang='grc'><strong>194.</strong></span> 
     </span>
    </p>
   </div>
   <div class='ocr_carea' id='block_1_12' title="bbox 0 0 2122 6052">
    <p class='ocr_par' dir='ltr' id='par_1_14' title="bbox 0 0 2122 6052">
     <span class='ocr_line' id='line_1_32' title="bbox 0 0 2122 6052; baseline 0 0"><span class='ocrx_word' id='word_1_281' title='bbox 0 0 2122 6052; x_wconf 95' lang='lat' dir='ltr'><strong> </strong></span> 
     </span>
    </p>
   </div>
  </div>
 </body>
</html>
