4234 6059
939 758 978 834 1t

317 994 438 1065 tinibus
464 1003 570 1063 terrae
594 993 770 1061 descensus
795 999 923 1063 tantum
946 991 988 1058 ad
1011 991 1133 1058 inferos
1158 996 1246 1076 erat,
1269 989 1350 1078 fingi
1375 1012 1440 1056 non
1464 991 1597 1079 poterat

319 1134 449 1201 Charon
480 1131 598 1220 cymba
626 1152 685 1196 sua
711 1129 751 1196 ad
777 1128 969 1196 Cimmerios
992 1127 1188 1215 appulsorus
1212 1128 1262 1212 (ut
1284 1127 1386 1214 ipsius
1409 1093 1600 1195 Leeuwenii

318 1269 427 1337 verbis
451 1272 542 1352 utar,
568 1266 688 1356 quibus
704 1264 853 1331 codicum
868 1264 1044 1330 lectionem
1067 1265 1211 1344 Ταίναρον
1227 1285 1285 1351 pro
1302 1262 1453 1345 Τοίρταρον
1470 1264 1600 1349 rejicit).

319 1404 415 1482 Quod
451 1403 551 1469 etiam
585 1401 734 1469 videmus
759 1421 802 1466 ex
826 1399 970 1486 Hesych.
996 1421 1021 1467 s.
1045 1421 1076 1465 v.
1101 1398 1262 1482 Κερβέροοοτ
1288 1451 1296 1466 .
1318 1449 1325 1464 .
1347 1449 1354 1465 .
1374 1399 1436 1464 ἔστι
1461 1399 1490 1462 δὲ
1513 1400 1601 1470 τίνος

319 1542 348 1604 ἐν
368 1539 468 1605 “Adeo
486 1538 524 1623 ¹).

366 1670 471 1740 Sahal.
495 1672 577 1739 Rae.
601 1671 645 1736 ad
666 1691 711 1738 ve.
734 1672 812 1738 191.
848 1672 899 1745 τίον
923 1670 985 1752 περὶ
1010 1675 1066 1734 τῶν
1092 1675 1193 1751 specio:
1218 1669 1344 1752 trappa
1368 1669 1497 1751 γραφαί·
1511 1670 1602 1747 οἱμὲν

319 1815 404 1891 κρεῶν
434 1809 495 1887 <οί
525 1809 554 1873 δὲ
586 1815 732 1891 νεαρῶν).
766 1807 829 1892 [τίς]
860 1806 1054 1887 Ἀρίσταρχίς
1086 1812 1177 1888 φασίν
1201 1805 1248 1869 εὀτί
1273 1811 1328 1870 τῶν
1350 1805 1495 1884 σομοίτων
1519 1819 1602 1882 λαμ·

319 1945 461 2023 βαίνεσθαι
495 1943 640 2016 rossana
664 1958 733 2010 κτλ.
779 1942 820 2006 In
850 1942 932 2007 fine:
968 1943 1020 2017 τίον
1043 1941 1106 2022 ντερί
1131 1947 1187 2006 τῶν
1209 1946 1325 2021 νεκρῶνε
1361 1942 1523 2007 αἰνίττεται
1549 1944 1601 2016 τὴν

320 2079 383 2160 oapi
408 2078 599 2159 ’Apyraorioxv
623 2078 809 2159 ναυμαχίαν,
835 2073 867 2154 ἣν
891 2078 936 2142 δαί
963 2076 1029 2149 τοὺς
1053 2078 1164 2156 νεκροὺς
1190 2077 1376 2155 ἠγωνίσαντο.

365 2215 470 2281 Nimis
494 2213 650 2280 audacter
672 2212 760 2278 hunc
782 2214 890 2279 locum
914 2214 1017 2281 Ruth.
1043 2217 1201 2280 tractasse
1226 2213 1305 2278 mihi
1329 2212 1469 2280 videtur.
1517 2213 1602 2279 Nam

322 2357 356 2418 et
388 2355 519 2439 praeter
552 2350 780 2416 necessitatem
816 2350 975 2416 nonnulla
1007 2349 1163 2434 inseruit,
1201 2354 1234 2415 et
1270 2349 1340 2416 sine
1375 2349 1468 2434 justa
1503 2371 1602 2416 causa

322 2488 385 2554 alia
419 2487 650 2575 praetermisit.
708 2485 835 2551 Ultima
868 2485 903 2549 in
940 2484 1010 2551 cod.
1046 2485 1092 2549 sic
1127 2484 1300 2571 leguntur:
1335 2481 1421 2565 ἕτερον
1457 2484 1486 2548 δὲ
1525 2493 1603 2568 φασι

322 2624 499 2689 αἰνίττεσθαι
535 2624 588 2697 τὴν
622 2621 685 2702 περὶ
722 2624 912 2700 Ἀργονοῦσαν
938 2658 981 2668 -
1006 2622 1207 2697 ἠγωνίσαντο,
1240 2622 1292 2695 τὴν
1327 2619 1460 2700 δευτέραν
1483 2623 1604 2702 γραφὴν

324 2757 492 2840 αἱρούμενον.
540 2757 666 2833 Quibus
698 2757 855 2841 servatis,
886 2755 934 2820 ita
963 2761 1001 2821 ut
1028 2757 1051 2820 οί
1074 2757 1129 2832 μέν
1155 2791 1195 2806 --
1220 2754 1306 2836 ἕτερον
1331 2756 1362 2821 δέ
1385 2756 1447 2823 sibi
1470 2778 1604 2845 respon·

322 2894 440 2981 deant,
464 2895 590 2961 leniore
614 2893 817 2961 correctione
841 2913 956 2958 sensus
979 2890 1111 2957 restitui
1134 2896 1254 2979 potest.
1279 2892 1449 2979 Propono:
1475 2893 1602 2976 διάφορον

321 3032 424 3110 <αί>
456 3031 586 3114 γραφαί·
622 3031 645 3094 οἱ
679 3029 733 3103 μὲν
767 3034 868 3109 κρεῶν,
905 3031 941 3100 ὡς
977 3027 1189 3113 Ἀρίσταρχος,
1220 3026 1322 3106 <ίς>
1351 3036 1441 3112 φασιν
1472 3029 1520 3094 ε’ττί
1549 3037 1603 3094 τῶν

323 3136 467 3242 coatras
502 3181 570 3230 κτα.
605 3164 736 3231 Deinde
771 3163 850 3248 i.f.‚
894 3162 1005 3229 deleto
1049 3163 1223 3248 lemmate,
1268 3163 1355 3249 quod
1397 3163 1467 3251 ipse
1499 3164 1602 3231 Ruth.

322 3301 461 3387 adjecit:
491 3300 577 3381 ἕτερον
608 3301 637 3364 δὲ
652 3302 843 3381 (νεκρῶν).
868 3300 963 3381 φασίν
987 3299 1163 3364 αἰνίττεσθαί
1189 3299 1315 3370 (αὐτὸν
1336 3298 1441 3378 πρὸς)
1465 3301 1517 3375 τίον
1541 3301 1603 3381 περί

323 3435 410 3516 Ἀργ.
423 3417 476 3509 ,ἔ-
501 3437 680 3514 ἦγωνίσαντο
696 3437 793 3512 <οί>
810 3439 863 3508 τίον
878 3433 1012 3515 δευτέραν
1035 3437 1156 3513 γραφὴν
1180 3434 1349 3516 αἱρούμενον.
1399 3436 1604 3523 Quamquam

321 3572 459 3638 verbum
482 3573 659 3637 αἰνίττεσθαι
683 3572 783 3638 etiam
808 3571 878 3637 sino
902 3570 1146 3659 praepositione
1169 3575 1346 3660 usurpatur
1369 3593 1444 3660 pro:
1480 3573 1606 3641 obscure

321 3707 519 3793 sipaificure,
544 3707 617 3773 coll.
643 3707 757 3775 scholi.
781 3707 823 3774 ad
846 3707 934 3774 Plut.
963 3727 1025 3772 vss.
1051 3710 1106 3793 29,
1130 3710 1172 3773 48
1195 3712 1229 3774 et
1244 3709 1347 3796 ipsius
1363 3715 1481 3797 poetae
1497 3711 1605 3776 verbis

322 3839 383 3928 Eq.
410 3844 505 3926 1085,
530 3841 593 3909 Αν.
619 3845 703 3927 970,
727 3843 805 3909 Pac.
831 3845 893 3927 47,
917 3842 1041 3909 inserui
1066 3841 1152 3928 τρίς,
1178 3841 1264 3929 quod
1290 3848 1324 3909 et
1346 3844 1416 3931 ipse
1441 3845 1544 3911 Ruth.
1571 3846 1604 3911 in

323 3976 423 4042 schol.
447 3976 488 4043 ad
512 3978 600 4043 Plut.
626 3978 667 4042 47
693 3998 736 4043 ex
762 3977 846 4044 Ven.
871 3979 996 4045 ascivit.
1021 3976 1147 4044 Eodem
1172 3978 1268 4044 modo
1293 3985 1468 4067 usurpatur
1492 3979 1605 4061 παίζειν

323 4113 392 4192 τρίς
417 4137 456 4178 το.

368 4247 424 4312 Ad
445 4267 488 4314 οο.
513 4251 591 4315 206.
636 4269 667 4314 ν.
692 4249 859 4316 Leeuwen
875 4252 1031 4314 annotat:
1059 4249 1280 4332 ,ἕαβοίνρο,
1311 4251 1377 4317 soil.
1402 4253 1468 4327 τὴν
1487 4261 1605 4334 χεῖρα

322 4349 367 4465 τῇ
390 4383 530 4466 κοίτρ”.
577 4383 639 4449 uui
674 4405 740 4449 non
775 4385 946 4452 assentior.
994 4382 1132 4472 Ellipsin
1168 4384 1289 4471 objecti
1323 4389 1375 4461 rto
1407 4394 1495 4468 χεῖρα
1519 4389 1606 4477 apud

324 4517 460 4585 verbum
491 4518 657 4597 totietatem
688 4524 834 4587 statuere
865 4520 1085 4587 necessarium
1108 4520 1189 4587 mihi
1213 4542 1279 4589 non
1303 4522 1443 4591 videtur.
1489 4525 1606 4612 Neque

358 4896 387 4961 t)
405 4896 481 4961 Apud
504 4897 616 4965 Hesych.
638 4904 698 4964 post
721 4899 800 4951 verba
817 4900 897 4951 allata
914 4900 979 4952 haec
999 4906 1164 4966 sequuntur:
1191 4901 1317 4966 Κερβέροος
1335 4902 1489 4969 aptissimum
1507 4919 1606 4956 novum

325 4990 455 5056 glossema
481 4991 546 5043 haec
572 5007 642 5058 esse,
668 5001 699 5044 ut
725 4993 885 5057 adjectivum
915 4994 1047 5045 causus
1074 4996 1208 5062 afferatur,
1234 5002 1306 5049 recte
1333 4996 1477 5060 coniecisse
1503 4998 1607 5050 videtur

325 5081 473 5135 Fritzsche.

1490 5183 1508 5235 2
