4234 6059
1155 729 1194 800 18

531 954 621 1028 iocus
654 955 809 1046 Homeri,
844 980 939 1047 quem
976 958 1070 1024 affert
1104 980 1133 1024 v.
1159 959 1342 1043 Laeuven,
1379 957 1575 1025 documento
1606 978 1678 1026 esse
1701 961 1816 1048 potest

532 1118 639 1185 nequa
663 1097 766 1183 magis
789 1094 885 1161 Pind.
909 1094 1009 1181 Pyrh.
1033 1094 1092 1160 IV.
1118 1096 1200 1160 201:
1225 1092 1330 1174 κάρυξε
1350 1094 1474 1168 δ’σῦτσΐς
1496 1097 1501 1180 Ι
1522 1079 1671 1173 ε’μβσιλεῖν
1687 1096 1815 1162 adnatat

532 1233 720 1314 τερασκόπος.
766 1231 877 1319 Equit.
914 1233 996 1296 601:
1033 1226 1099 1295 εἶτα
1134 1231 1190 1302 τὰς
1225 1228 1326 1303 adurar
1363 1230 1508 1308 λαβόντες
1542 1230 1651 1312 ἕν’σιιερ1
1673 1235 1757 1309 ἡμεῖς
1789 1233 1814 1296 ci

531 1368 631 1449 βροτεί
649 1366 656 1455 Ι
676 1365 860 1445 ἐμβιιλὸνσες
886 1364 1072 1445 ἀνεβρύαξαν
1096 1364 1321 1451 intransitive,
1345 1374 1382 1431 ut
1405 1366 1485 1432 mihi
1509 1367 1640 1454 quidem
1664 1368 1810 1454 videtur,

532 1485 669 1552 verbum
703 1483 892 1551 adhibetur:
930 1484 1055 1549 remis
1092 1483 1411 1568 incumbentes,
1448 1485 1592 1573 suppleri
1625 1491 1713 1551 certe
1744 1506 1811 1551 non

531 1625 641 1710 potest
664 1622 717 1695 rba
738 1626 837 1701 χεῖρε.
884 1619 999 1705 Neque
1023 1587 1297 1706 facilius'aliquid
1322 1619 1398 1687 addi
1421 1625 1533 1708 potest
1556 1620 1643 1686 Xen.
1664 1621 1752 1687 Hell.
1770 1621 1810 1689 V.

534 1758 623 1822 1.13
659 1755 717 1822 ubi
750 1755 900 1822 absolute
934 1755 1070 1822 verbum
1105 1755 1240 1844 ponitur
1273 1776 1350 1842 pro:
1387 1755 1612 1842 remigare.
1667 1756 1812 1822 Primum

531 1890 655 1957 dictum
671 1889 770 1957 fuisse
787 1891 947 1978 suspicor:
972 1891 1138 1968 ἐμβάλλειν
1155 1890 1274 1974 icardo,
1297 1891 1345 1956 ita
1361 1895 1398 1955 ut
1410 1889 1545 1957 verbum
1558 1896 1674 1978 postea
1685 1891 1810 1958 intran-

532 2026 628 2094 sitive
659 2026 843 2094 adhibitum
874 2028 972 2115 plane
995 2027 1132 2093 Latino:
1164 2025 1413 2092 incumbere
1437 2026 1644 2115 respoudeat.
1670 2065 1713 2075 -
1737 2027 1813 2092 Alia

532 2164 713 2253 composita
735 2163 827 2229 lubet
851 2182 1025 2250 apponere.
1050 2130 1287 2239 εἰσβάλλειν
1313 2163 1483 2229 transitive
1508 2168 1686 2250 usurpatur
1712 2163 1813 2251 Soph.

531 2298 586 2383 Aj.
612 2301 671 2383 60,
696 2296 817 2365 Aesch.
842 2297 951 2363 Prom.
978 2299 1075 2382 1074,
1098 2295 1223 2364 Herod.
1247 2297 1274 2364 I.
1302 2300 1330 2383 1,
1355 2298 1458 2366 Thuc.
1484 2298 1528 2366 ΙΙ.
1552 2300 1611 2383 76,
1636 2298 1730 2364 VIII.
1749 2301 1811 2384 81,

532 2454 630 2521 saepe
654 2438 765 2500 autem
790 2433 956 2520 objectum
980 2433 1124 2520 suppleri
1147 2436 1274 2520 potest:
1299 2432 1424 2498 Herod.
1448 2431 1476 2501 I.
1503 2435 1554 2519 15,
1571 2433 1674 2499 Thuc.
1692 2434 1718 2498 I.
1740 2436 1813 2499 100.

533 2571 571 2654 2,
605 2569 656 2674 ΙΙ,
687 2571 740 2635 54.
773 2570 810 2653 5,
841 2567 893 2634 his
925 2573 1035 2635 tamen
1066 2568 1147 2635 locis
1177 2568 1385 2635 intransitive
1418 2568 1520 2655 accipi
1545 2567 1662 2635 debet:
1687 2569 1814 2639 Herod.

523 2693 574 2770 V.
600 2705 653 2788 74,
677 2702 771 2769 VIII.
797 2704 857 2787 27,
881 2703 984 2771 Thuc.
1009 2705 1070 2789 IV,
1096 2706 1149 2770 25.
1175 2707 1209 2788 8,
1234 2703 1292 2770 VI.
1321 2706 1372 2769 70.
1398 2706 1435 2788 8,
1459 2704 1539 2770 item
1563 2704 1620 2770 ubi
1644 2703 1685 2770 de
1709 2705 1815 2770 flumi-

533 2838 630 2905 nibus
652 2839 802 2927 ponitur:
827 2829 951 2906 Herod.
975 2840 1002 2908 Ι.
1030 2842 1104 2918 179,
1129 2840 1232 2906 Thuc.
1256 2839 1282 2906 I.
1309 2842 1360 2906 64.
1379 2843 1399 2904 4
1417 2859 1445 2906 e.
1463 2862 1492 2907 a.
1518 2838 1643 2905 Similia
1658 2840 1692 2904 in
1709 2840 1811 2906 verbo

533 2975 805 3053 προσβάλλειν
829 2974 988 3041 videmus.
1034 2974 1337 3062 Aggredicndi
1361 2975 1426 3041 vim
1450 2973 1568 3042 habet:
1594 2974 1720 3042 Herod.
1749 2975 1813 3041 III.

536 3112 610 3194 155,
637 3112 718 3194 158,
750 3109 810 3176 ΙΧ.
836 3112 896 3195 86,
920 3110 998 3176 VII.
1023 3112 1085 3195 25,
1111 3110 1198 3176 Xen.
1224 3109 1334 3176 Auab.
1359 3109 1418 3176 IV.
1444 3111 1474 3175 2.
1501 3111 1559 3194 11,
1584 3109 1661 3176 Eur.
1687 3108 1813 3175 Phocn.

535 3247 616 3329 ⁷243
640 3245 741 3311 alium
757 3265 906 3330 sensum,
923 3245 1130 3310 intransitive
1146 3246 1300 3333 positum,
1317 3245 1433 3310 habet:
1458 3245 1628 3332 Aristoph.
1644 3245 1722 3310 Pac.
1738 3246 1813 3328 180,

534 3380 634 3468 Sopb.
659 3381 775 3447 Traoh.
800 3382 933 3467 58017),
957 3382 1032 3458 844,
1057 3381 1157 3449 Hom.
1181 3380 1220 3445 Il.
1244 3381 1285 3446 V.
1312 3382 1387 3445 879.
1417 3418 1446 3427 -
1480 3379 1533 3445 Sia
1559 3371 1814 3458 συμβάλλειν

534 3497 697 3602 significat
727 3538 871 3582 manus
904 3537 1159 3583 conserere:
1195 3514 1321 3584 Herod.
1345 3515 1371 3581 I.
1399 3517 1459 3598 77,
1485 3517 1546 3598 80,
1572 3513 1812 3582 82.H01n.11.

533 3652 627 3719 XVI.
646 3654 721 3737 565,
737 3652 833 3719 XXI.
851 3655 927 3736 578,
944 3652 1007 3718 alio
1025 3673 1139 3718 sensu:
1164 3651 1225 3719 Od.
1242 3651 1337 3718 XXI.
1363 3652 1414 3736 15,
1437 3648 1556 3717 Aesch.
1576 3649 1722 3738 Ohoeph.
1737 3651 1813 3734 461,

535 3790 610 3855 677.
636 3825 676 3837 -
702 3786 768 3853 Sed
787 3789 856 3873 jam
881 3789 960 3854 satis
983 3788 1018 3853 ui
1041 3789 1136 3856 fallor
1156 3788 1197 3854 ad
1221 3787 1419 3854 seutentiam
1446 3807 1552 3852 meam
1577 3785 1790 3873 probandam.
1821 3773 1822 3778 ἵ

579 3922 683 3989 Sebol.
715 3923 797 3991 Bao.
828 3924 872 3990 ad
901 3945 944 3991 va.
972 3927 1050 3992 216.
1083 3923 1218 3990 Διόνυσον
1242 3926 1270 3987 ἐν
1294 3924 1469 4001 Λίμνιεισινὶ
1495 3923 1607 4001 Λίμναι
1632 3922 1719 3994 τόπος
1743 3923 1812 4002 ἱερὸς

535 4059 671 4124 Διονύσον
695 4061 725 4122 ε’ν
747 4053 768 4140 ᾧ
792 4060 840 4141 aci
863 4056 936 4131 οἶκος
959 4059 1008 4124 uxi
1032 4060 1098 4131 νεὼς
1125 4065 1175 4124 τοῦ
1198 4061 1272 4124 θεοῦ.

578 4194 762 4260 Verborum
794 4195 878 4260 hanc
910 4195 1175 4281 conjunctionem
1207 4195 1248 4260 ob
1282 4194 1496 4280 tautologiam
1525 4193 1602 4259 ferri
1630 4213 1696 4258 non
1719 4212 1812 4279 posse

535 4330 650 4418 opinor
680 4330 720 4395 of.
752 4329 859 4417 atym.
892 4330 977 4398 Gud.
1006 4352 1037 4418 p.
1062 4334 1144 4396 499:
1170 4331 1183 4394 ri
1207 4329 1356 4402 ἕνδᾶτιιτνς
1379 4329 1467 4402 τόιισς
1491 4334 1541 4393 τοῦ
1566 4329 1648 4415 ἱεροῦ,
1674 4328 1740 4401 rubr
1765 4326 1811 4390 καὶ
1843 4345 1846 4352 ’

534 4461 615 4547 ciacc,
640 4465 785 4552 Hesych.
810 4488 834 4532 a.
852 4489 881 4533 v.
907 4467 984 4540 νεός.
1016 4464 1087 4531 Aut
1112 4463 1252 4531 delenda
1276 4470 1353 4530 sunt
1374 4464 1475 4532 verba
1500 4463 1549 4528 sai
1576 4463 1642 4538 νεώς
1667 4469 1723 4530 aut
1745 4483 1812 4528 cor·

534 4605 666 4687 ruptum
683 4605 733 4666 est
748 4597 839 4686 σι’κσς,
863 4621 921 4688 pro
938 4623 1002 4689 quo
1019 4600 1246 4687 reponendum
1264 4600 1421 4686 conjicio:
1446 4597 1543 4676 σεινό
1548 4624 1562 4672 ς
1577 4600 1612 4685 ¹).
1646 4597 1810 4666 Perfacilia

566 5037 594 5102 1)
611 5035 648 5088 De
667 5053 721 5088 voc.
739 5036 814 5093 σιμός
832 5035 863 5086 ct.
881 5036 983 5088 Pollux.
1001 5034 1021 5086 I.
1039 5034 1068 5100 63
1089 5034 1252 5088 Valckenaer
1271 5038 1303 5088 ad
1321 5034 1442 5089 Ammon.
1461 5053 1483 5102 p.
1502 5031 1553 5086 153
1569 5049 1627 5102 sqq.
