4234 6059
1147 754 1189 823 82

407 1034 414 1047 .
523 992 623 1074 atque
654 984 849 1052 educatione
872 983 1031 1049 habemus
1054 981 1199 1064 notitiis,
1231 980 1265 1045 in
1290 980 1388 1046 rebus
1411 978 1559 1065 angustis
1585 1000 1660 1045 eum
1684 978 1806 1046 vixisse

525 1121 660 1187 minime
684 1120 813 1187 efficere
838 1120 916 1185 licet
932 1120 970 1205 1).

568 1256 673 1322 Sobel.
704 1257 785 1322 Bac.
817 1255 861 1320 od
891 1275 934 1322 cs.
967 1256 1066 1319 1367.
1098 1251 1133 1317 rt
1159 1251 1219 1331 γὰρ
1241 1249 1331 1331 βάρος
1356 1264 1440 1315 ssa:
1465 1251 1537 1322 τινὲς
1561 1250 1656 1333 φασὶν
1679 1246 1731 1323 ἕως
1756 1256 1810 1314 τῶν

523 1393 649 1457 ἐνταῦθα
671 1391 721 1457 τὸν
743 1391 895 1473 Αἰσχύλον
918 1390 1026 1468 λέγειν,
1050 1390 1092 1454 τὰ
1116 1388 1145 1452 δὲ
1169 1385 1234 1463 ἑξῆς
1257 1386 1306 1451 τὸν
1331 1384 1476 1451 Διόνυσον.

503 1595 507 1603 ,
571 1526 657 1602 Quin
688 1546 860 1614 perperam
893 1525 987 1591 codd.
1020 1521 1296 1610 sequentes'huic
1319 1543 1366 1588 vs.
1392 1520 1551 1586 scholium
1576 1520 1811 1607 adscripserint

523 1661 684 1746 editores,
716 1663 826 1727 nullus
850 1661 975 1728 dubito.
1011 1660 1150 1725 Prorsus
1175 1658 1263 1724 enim
1287 1657 1412 1722 insulsa
1435 1661 1546 1723 essent
1570 1656 1704 1739 ultima,
1737 1678 1810 1721 cum

523 1798 646 1863 nemini
682 1797 744 1861 nisi
778 1797 926 1883 Dionyso
961 1818 1008 1863 vs.
1047 1798 1133 1860 1368
1167 1816 1234 1881 sq.,
1271 1815 1352 1879 quos
1388 1793 1488 1859 schol.
1526 1793 1596 1858 sine
1630 1791 1730 1857 dubio
1767 1793 1811 1857 sic

523 1931 664 2010 indicat,
690 1931 756 1996 ullo
781 1930 877 1996 modo
902 1930 1059 2017 assignari
1083 1930 1220 2018 possint.
1257 1929 1380 2015 Adys.
1409 1931 1513 1995 1364:
1546 1928 1597 1993 cxl
1624 1926 1720 2004 tuoly’
1745 1927 1812 1994 aissa

524 2065 694 2131 annotatio
726 2066 887 2152 partinet,
919 2066 981 2130 nisi
1008 2048 1116 2131 fallor.
1155 2066 1205 2131 De
1229 2087 1293 2132 vss.
1321 2067 1405 2129 1365
1430 2085 1499 2151 sqq.
1524 2065 1722 2151 interpretas
1752 2063 1813 2128 du·

524 2200 645 2267 bitasss
682 2201 776 2267 facile
810 2201 1033 2288 intellegitur,
1069 2222 1142 2266 cum
1176 2201 1335 2266 nonnulla
1357 2199 1459 2265 insint
1483 2221 1567 2286 quae
1591 2197 1812 2286 suspicionem

526 2342 671 2403 movent.
707 2318 796 2413 Quin
826 2338 926 2403 etiam
965 2335 1051 2423 quod
1083 2336 1226 2403 editores
1256 2337 1315 2402 hos
1338 2358 1402 2402 vss.
1438 2334 1603 2423 Aeschylo
1628 2333 1813 2400 tribuentes

525 2472 563 2536 in
587 2471 638 2536 his
663 2494 729 2538 non
754 2471 961 2557 offenderint,
985 2472 1096 2559 potius
1119 2472 1228 2537 miror.
1264 2471 1346 2538 Mihi
1371 2477 1459 2537 certe
1483 2472 1658 2558 permirum
1682 2469 1814 2535 videtur

526 2607 746 2693 Aeschylum,
784 2629 848 2694 quo
877 2606 973 2673 modo
1006 2614 1173 2673 certamen
1204 2614 1435 2694 persecuturus
1464 2607 1525 2693 sit,
1557 2628 1643 2672 nune
1666 2605 1812 2671 indicare

526 2741 639 2827 itaque
677 2742 784 2807 lucere
824 2742 910 2830 quod
950 2742 1090 2829 Dionysi
1129 2748 1180 2809 est
1220 2747 1324 2808 totam
1361 2742 1633 2829 disceptationem
1658 2741 1810 2807 adminis-

528 2875 655 2943 trantis.
703 2876 904 2962 Neutiquam
942 2878 977 2941 in
1016 2877 1173 2963 Aeschyli
1208 2883 1318 2963 partes
1349 2878 1411 2975 hoe
1447 2876 1551 2954 eadit,
1596 2877 1716 2963 quippe
1753 2875 1809 2962 qui

528 3032 594 3077 non
630 3013 693 3077 nisi
727 3011 896 3078 fastidiose
932 3017 1099 3078 certamen
1134 3011 1268 3096 adierit,
1314 3012 1400 3101 quod
1435 3010 1616 3078 identidem
1655 2996 1808 3077 ostendit.

527 3148 581 3231 (01.
617 3169 716 3235 supra
751 3148 791 3213 ad
828 3170 875 3214 vs.
913 3150 1022 3233 1180).
1084 3147 1299 3214 Scholiastam
1345 3153 1510 3231 nostrum,
1554 3148 1610 3233 qui
1646 3146 1811 3232 Aeschylo

528 3283 610 3349 haec
643 3304 773 3370 quoque
805 3282 913 3367 dedit,
947 3284 1035 3369 (mea
1066 3283 1198 3370 quidem
1230 3284 1421 3369 conjectura
1453 3282 1606 3367 admissa)
1638 3285 1812 3347 moverunt

527 3438 624 3483 voces
654 3419 743 3483 αὐτόν
770 3424 804 3484 et
828 3421 888 3499 νῷν.
927 3418 1050 3484 Dubito
1077 3424 1188 3484 tamen
1212 3439 1253 3483 an
1279 3418 1394 3483 horum
1421 3416 1601 3500 „aliorum”
1622 3416 1811 3503 opinionem

527 3554 663 3638 rejicere
699 3574 765 3617 non
802 3552 988 3621 debeamus.
1047 3554 1160 3621 Verba
1198 3553 1343 3619 indicata
1376 3551 1643 3640 interpretationi
1682 3550 1812 3616 obstare

531 3708 618 3753 nunc
651 3687 782 3774 quidem
814 3688 984 3774 videntur,
1019 3690 1173 3777 explicari
1205 3695 1315 3754 tamen
1341 3690 1467 3754 etiamsi
1492 3687 1638 3773 Dionyso
1661 3686 1722 3751 hos
1747 3706 1810 3751 sss.

528 3824 718 3909 tribuimus,
761 3846 813 3890 me
843 3825 974 3911 judice,
1018 3831 1175 3914 possunt,
1210 3826 1236 3890 si
1269 3826 1453 3911 Dionysum
1484 3822 1610 3889 cladem
1648 3821 1813 3910 Euripidis

526 3961 804 4047 praesentientem
830 3962 899 4047 jam
927 3962 996 4047 jam
1029 3961 1185 4047 Aeschyli
1208 3961 1356 4048 pertibus
1380 3960 1489 4025 lavere
1513 3978 1678 4023 sumamus
1695 3957 1740 4041 2),
1764 3956 1812 4020 ita

532 4175 779 4187 ..ι-*-

562 4324 591 4384 1)
609 4324 646 4377 Cl.
669 4325 741 4377 Suid.
759 4340 779 4377 s.
799 4342 835 4391 v.;
853 4326 917 4378 Gell.
935 4326 968 4378 N.
986 4327 1017 4378 A.
1035 4326 1091 4377 llll.
1109 4326 1155 4391 20;
1173 4326 1260 4393 Bergk
1278 4325 1321 4377 Gr.
1340 4324 1402 4376 Litt.
1421 4324 1460 4375 Ill
1478 4340 1503 4389 p.
1520 4322 1569 4375 161
1586 4338 1627 4389 sq.
1645 4338 1767 4389 quaeque
1785 4322 1816 4374 de

530 4418 587 4483 ejus
605 4419 764 4470 bibliotheca
782 4420 945 4484 amplissime
964 4421 1044 4471 tradit
1063 4421 1161 4471 Athen.
1179 4420 1247 4485 Epil.
1264 4421 1281 4471 l.
1300 4420 1320 4471 1.
1338 4434 1362 4483 p.
1380 4418 1421 4470 30.

562 4511 646 4576 1)(11.
670 4512 743 4563 Koclr
764 4514 797 4563 ad
818 4529 856 4564 vs.
877 4512 954 4579 recu
978 4530 1000 4565 v.
1023 4514 1153 4565 Leeuwen
1176 4514 1208 4565 sd
1232 4529 1283 4565 sss.
1303 4512 1382 4577 1113,
1406 4512 1486 4573 1119;
1514 4511 1816 4565 v.VelsenPhi101.ss

529 4622 555 4671 p.
578 4604 639 4657 335:
663 4606 695 4656 lu
719 4606 765 4657 der
788 4621 888 4673 ganzeu
911 4608 1032 4659 lrombdie
1049 4609 1207 4675 vertheidigt
1224 4609 1281 4659 sich
1300 4607 1438 4671 Euripides
1455 4608 1518 4659 sehr
1534 4606 1683 4673 geschickt,
1702 4605 1816 4657 wiedas

526 4699 554 4763 ja
576 4701 657 4764 auch,
684 4714 761 4750 wenn
785 4701 975 4765 Aristophanes
997 4716 1050 4751 nur
1077 4701 1170 4767 irgend
1189 4702 1307 4753 welcheu
1325 4702 1414 4752 beilall
1431 4706 1527 4752 eruten
1545 4701 1646 4760 wollte,
1674 4713 1723 4749 aus
1740 4699 1816 4749 mehr

529 4794 568 4844 als
591 4794 677 4845 ciuem
702 4794 804 4859 gruude
826 4796 961 4846 durchaus
979 4796 1151 4863 nothwendig
1170 4812 1236 4861 war,
1257 4795 1312 4846 und
1329 4811 1381 4846 nur
1398 4796 1440 4846 die
1457 4794 1660 4861 anweudungen
1680 4794 1735 4845 und
1752 4807 1817 4844 con-

528 4901 691 4952 sequenzen,
711 4888 810 4939 welche
828 4889 885 4939 seiu
904 4890 1056 4955 gewaltiger
1074 4904 1173 4956 geguer
1191 4888 1338 4955 Aeschylus
1355 4904 1404 4939 aus
1421 4890 1513 4939 seinen
1529 4887 1737 4954 behauptungen
1754 4888 1817 4937 her·

527 4980 602 5032 leitet
625 4983 679 5032 und
702 4982 746 5032 die
768 4983 958 5049 erfahrungen,
985 4984 1085 5033 welche
1109 4984 1154 5034 der
1179 4984 1278 5034 richler
1301 4983 1442 5049 Dionysos,
1466 4981 1504 5032 bei
1527 4984 1581 5032 dem
1596 4980 1625 5031 ἐκ
1641 4982 1688 5031 der
1701 4980 1818 5049 saintes

527 5076 598 5125 weiss
619 5074 752 5140 ullmdtltp
772 5076 825 5127 sinc
848 5078 980 5141 tisdcrsny
1002 5078 1045 5126 des
1068 5076 1175 5127 cettan
1198 5076 1350 5141 myrsam
1372 5077 1451 5141 scird,
1474 5093 1502 5127 so
1524 5078 1584 5126 dass
1604 5090 1639 5139 ar,
1661 5076 1706 5125 des·
1722 5073 1819 5140 sisrips
