4234 6059
1160 749 1181 820 9

573 973 679 1044 Sciet
702 973 784 1043 Bar.
808 975 852 1042 ad
872 998 917 1044 va.
940 981 996 1044 22.
1030 977 1089 1050 vrrs
1125 979 1293 1057 Σταμιέοοι
1331 977 1470 1062 έταιξει,
1505 981 1568 1046 tarsi
1594 981 1607 1046 ὃ
1631 981 1767 1064 κέραμος
1802 987 1840 1050 έν

527 1115 608 1194 αὐτῷ
628 1111 776 1194 βαστάζει
798 1112 848 1178 τοι
868 1109 937 1178 οἶνοι
959 1111 1055 1192 ὥσπερ
1079 1111 1175 1178 παῖδα
1197 1109 1246 1204 καὶ
1271 1114 1379 1199 τρέφει.

571 1249 694 1316 Immo:
719 1251 734 1315 έ
740 1274 755 1313 ι
778 1249 919 1330 έαοτῷ,
944 1269 1019 1316 eum
1035 1249 1136 1318 Dind.
1153 1249 1330 1318 Praeterea
1345 1251 1555 1319 inserendum
1573 1275 1645 1320 essa
1662 1256 1837 1345 suspicor

528 1384 713 1469 <μιὶτιιρ>ς
737 1385 936 1473 comparatio
960 1383 1002 1450 ad
1026 1385 1181 1452 seminam
1202 1385 1369 1474 gravidam
1386 1409 1470 1474 qnae
1486 1388 1645 1456 infantem
1662 1391 1696 1456 in
1714 1397 1832 1459 utero

527 1523 638 1606 gerat,
662 1525 810 1607 spectare
833 1519 973 1587 ridetur.
999 1518 1093 1596 Quod
1118 1526 1228 1587 autem
1252 1522 1354 1590 Ruth.
1379 1523 1495 1589 vertit:
1536 1524 1601 1590 th
1610 1525 1673 1610 jor
1690 1530 1831 1594 carries

527 1656 578 1722 saa
599 1657 678 1722 wine
699 1658 734 1721 ιἰι
756 1657 799 1722 ita
821 1656 962 1740 ornra(!)
986 1657 1050 1723 like
1072 1677 1093 1720 ο
1116 1655 1222 1743 child,
1251 1656 1286 1723 id
1310 1658 1425 1724 scholii
1449 1659 1558 1726 verbis
1582 1659 1656 1728 alici
1680 1664 1826 1749 nequit.

526 1790 623 1857 Adde
657 1789 745 1876 quod
779 1791 825 1856 sie
861 1791 1027 1859 sententia
1050 1791 1283 1859 absurdissima
1308 1792 1428 1881 prodit.
1474 1793 1629 1862 Getarum
1653 1797 1823 1883 qnoniam

525 1928 627 1994 verba
660 1927 710 1991 καὶ
751 1928 869 2014 τρέφει,
905 1927 989 1993 sicut
1023 1949 1110 1994 nune
1144 1927 1310 2016 leguntur,
1346 1929 1464 1997 misere
1487 1931 1665 2019 languent,
1701 1938 1822 2000 totum

525 2062 685 2130 scholium
720 2062 814 2151 lego:
849 2063 980 2142 έταιξεν,
1015 2063 1079 2128 έτεὶ
1115 2065 1129 2128 ὃ
1163 2065 1286 2146 κέραμος
1321 2068 1349 2130 έν
1374 2067 1467 2148 έαοτῷ
1489 2065 1639 2148 βαστάζει
1663 2067 1712 2133 τὸν
1737 2067 1820 2134 οἶνον

523 2197 618 2275 ὥσπερ
641 2199 689 2264 καὶ
714 2200 882 2291 (μήτηρ)
897 2199 995 2263 παῖδα
1011 2198 1130 2281 τρέφει,
1154 2199 1207 2266 vel
1223 2199 1334 2287 potius
1350 2201 1447 2280 Φέρει,
1472 2200 1560 2287 quod
1577 2201 1714 2269 exhibet
1728 2203 1814 2270 Ald.

568 2334 673 2402 Schol.
697 2335 741 2400 ad
763 2354 808 2402 vs.
832 2337 885 2400 32.
934 2333 1060 2422 (Dl'rbn.
1084 2355 1118 2422 p.
1142 2336 1206 2399 275
1230 2333 1263 2402 b.
1289 2336 1345 2420 31)
1380 2335 1409 2399 έν
1443 2337 1483 2416 τῷ
1506 2336 1584 2416 μέρει
1608 2351 1694 2405 ura:
1722 2339 1812 2404 κατοέ

523 2496 552 2536 τι
575 2471 659 2550 μέρος
682 2472 699 2546 ἢ
724 2470 752 2534 έν
775 2471 816 2551 τῷ
839 2466 891 2550 ἵοῳ
913 2468 1008 2548 μέρει,
1033 2469 1115 2534 κατὰ
1139 2471 1189 2545 τὴν
1211 2469 1339 2548 οὶμοιβέιν
1361 2469 1518 2547 βοέοταοον
1540 2471 1589 2538 τὸν
1614 2471 1683 2539 ὄνοι.

568 2605 740 2673 Restituo:
764 2606 844 2670 κατὰ
867 2604 900 2670 τὸ
922 2603 1055 2690 (Ruth.)
1071 2603 1153 2685 μέρος
1178 2604 1194 2680 ἢ
1219 2607 1248 2670 έν
1270 2605 1315 2685 τῷ
1340 2607 1385 2685 τῷ
1407 2604 1516 2682 μέρει.
1539 2609 1619 2671 κατ’
1642 2608 1809 2686 ἀμοιβὴν

522 2741 556 2819 β.
569 2766 597 2808 τ.
611 2765 634 2807 ο.
681 2739 821 2808 Locutio
852 2742 881 2805 έν
910 2741 951 2820 τῷ
973 2738 1024 2819 ἴσῳ
1046 2738 1125 2820 μέρει
1149 2759 1309 2826 nusquam
1332 2739 1489 2827 scriptum
1513 2745 1641 2827 exstat,
1674 2763 1803 2831 nequo,

527 2877 654 2974 etianrsi
688 2876 903 2959 inveniretur,
939 2873 1028 2941 aliud
1052 2874 1130 2960 quid
1155 2873 1338 2960 significare
1362 2880 1473 2962 posset
1497 2876 1577 2944 nisi:
1614 2878 1804 2963 aequaliter,

523 3015 622 3081 simili
655 3013 761 3091 modo,
798 3032 864 3077 nou
899 3010 987 3099 quod
1022 3009 1198 3076 scholiasta
1231 3011 1321 3076 vult:
1358 3017 1415 3076 tua
1448 3013 1520 3079 cicc.
1579 3013 1693 3079 Litora
1729 3012 1804 3078 rin

523 3148 574 3230 ἴσῳ
605 3150 699 3215 facile
730 3170 774 3214 ex
804 3147 1026 3234 dittographia
1056 3147 1173 3213 literae
1204 3172 1213 3212 ι
1236 3147 1271 3212 in
1295 3149 1334 3228 τῷ
1358 3145 1542 3234 adscriptae
1566 3147 1656 3213 nasci
1678 3147 1801 3235 potuit.

522 3286 699 3352 Praeterea
714 3283 887 3349 articulum
904 3283 1008 3361 omisi,
1025 3282 1112 3370 quod
1128 3283 1164 3347 in
1179 3282 1241 3348 hoo
1258 3286 1386 3347 tantum
1404 3303 1470 3347 noo
1486 3279 1665 3349 adverbiali
1678 3303 1801 3370 genere

521 3419 653 3486 dicendi
677 3439 805 3506 semper
827 3418 931 3484 abest.
954 3417 995 3482 cl.
1019 3420 1087 3482 κατ’
1110 3416 1232 3501 έξοχιὶι,
1257 3420 1321 3482 καθ’
1345 3417 1492 3502 ἡσυχίαν,
1516 3420 1597 3484 κατὰ
1613 3418 1716 3499 αροέτος
1734 3423 1800 3486 etc.

566 3555 671 3622 Sobel.
694 3555 739 3621 ad
752 3575 796 3624 ve.
812 3556 867 3621 35.
891 3552 1016 3639 (Dsrbn.
1039 3552 1084 3617 ib.
1105 3553 1160 3638 42)
1176 3552 1303 3629 κατέβα
1319 3557 1483 3633 παιοῦργεε
1507 3552 1540 3618 τὸ
1556 3577 1583 3634 χ
1598 3551 1653 3639 [ὅτι
1671 3553 1801 3633 κατέβα

520 3690 621 3777 <parit
645 3691 714 3770 πρὸς
737 3690 804 3763 τοὺς
827 3687 999 3770 ἀξιοῦντας,
1026 3685 1069 3753 έτι
1093 3669 1241 3765 κατάβηθι
1265 3687 1388 3765 λέγεται
1412 3686 1512 3765 μένος.

565 3827 677 3894 Verba
710 3825 860 3911 exclusa,
896 3828 933 3889 ut
966 3845 1098 3912 prorsus
1133 3843 1351 3909 supervacua,
1387 3821 1527 3889 delenda
1549 3828 1644 3908 sunt,
1682 3845 1800 3890 cumo

521 3969 681 4031 contextu
703 3962 887 4028 luculenter
911 3964 1067 4048 appareat
1090 3958 1132 4026 ad
1156 3957 1243 4046 quod
1267 3978 1337 4024 roo.
1362 3958 1492 4044 signnm
1515 3959 1723 4026 referendum
1746 3960 1799 4027 sit.

519 4101 598 4188 Ipsa
627 4104 738 4165 autem
768 4118 852 4184 quae
877 4094 1101 4183 significantur
1125 4093 1226 4160 rerba
1249 4092 1338 4159 nuda
1361 4099 1511 4181 repetere
1535 4094 1709 4160 scholiasta
1732 4114 1799 4159 non

520 4236 605 4302 solet
621 4235 657 4320 ¹).
716 4235 808 4311 Quae
852 4231 999 4320 expunxi
1036 4229 1194 4316 longioris
1232 4229 1454 4296 annotationis
1493 4229 1687 4317 quisquiliae
1727 4249 1799 4295 essa

519 4370 682 4454 videntur,
706 4390 805 4456 quam
828 4368 929 4433 trahit
952 4366 1030 4432 Keil
1045 4367 1073 4451 2)
1097 4387 1115 4431 e
1139 4366 1278 4431 Tzetaae
1303 4365 1453 4431 scholiis:
1479 4365 1511 4431 ri
1534 4388 1560 4445 χ
1583 4366 1612 4430 δὲ
1635 4365 1799 4448 γράφεται,

519 4503 561 4571 ὅτι
584 4502 665 4578 οὗτος
688 4503 836 4587 ξενοτέρος
859 4503 925 4569 cirri
950 4507 1001 4568 τοῦ
1024 4500 1172 4579 κατάβηθι
1197 4499 1324 4578 κατάβα
1349 4495 1439 4568 εἶπεν.

550 4879 579 4946 1)
606 4879 645 4932 Cl.
668 4878 755 4932 Schol.
779 4879 812 4929 ad
834 4876 905 4928 Plut.
922 4876 967 4942 66,
984 4875 1048 4942 101,
1065 4876 1128 4944 861,
1148 4874 1218 4930 Nub.
1235 4875 1298 4942 965,
1318 4875 1396 4940 Vesp.
1413 4873 1493 4940 1191,
1512 4872 1572 4926 Pac.
1591 4871 1652 4939 775,
1670 4871 1731 4939 990,
1749 4870 1796 4924 Ar.

519 4973 581 5039 399,
598 4974 656 5041 Lpa
674 4967 736 5039 761,
753 4969 858 5024 Theem.
876 4970 933 5022 917.

552 5067 579 5133 2)
597 5066 692 5119 Rhein.
712 5066 780 5119 llus.
796 5066 841 5119 Vl.
859 5081 884 5131 p.
900 5065 958 5119 617.
