4234 6059
1123 743 1163 808 10

502 971 535 1037 τὸ
568 968 623 1048 μὲν
656 966 703 1034 οὖν
737 967 754 1042 i
787 968 855 1054 οὐκ,
889 967 974 1034 dant
1008 965 1057 1032 cal
1088 971 1223 1054 μᾶλλον,
1258 966 1293 1033 in
1324 966 1442 1053 quibus
1476 965 1657 1053 posteriora
1688 986 1810 1054 prae·

502 1104 689 1172 cedentium
725 1103 978 1191 explicationem
1012 1103 1201 1171 continent:
1237 1103 1330 1169 immo
1364 1121 1434 1168 cero
1467 1103 1547 1188 aive,
1571 1123 1633 1169 noa
1659 1103 1706 1168 lta
1735 1102 1810 1168 aed

496 1241 617 1328 potius.

547 1374 652 1444 Sahal.
674 1372 756 1443 Boo.
780 1375 823 1442 ud
845 1396 889 1443 oa.
913 1374 988 1443 121.
1025 1373 1186 1455 ipericius:
1211 1373 1339 1454 θρονΙτιοι
1363 1373 1487 1439 ταπεινοὶ
1511 1397 1577 1440 τινοο
1599 1373 1740 1457 lippiae.
1769 1376 1778 1460 Ι

501 1512 633 1592 ορονΙωντ
658 1512 793 1592 (θρανίον
816 1512 894 1601 cci>
919 1509 1062 1576 ὑποτοοιοο
1085 1510 1233 1588 λέγονται.

546 1648 587 1715 In
622 1645 693 1718 cod.
727 1647 866 1734 iegitur:
901 1645 1014 1728 θράνους
1049 1646 1099 1713 sai
1134 1645 1284 1728 dcccdccc·
1321 1646 1448 1711 τοοτεινοὶ
1484 1646 1550 1711 τινὰ
1582 1647 1709 1726 >septica
1732 1649 1798 1714 rexi

502 1782 814 1861 excaecaremur.
849 1781 1063 1849 Rutheri'ordi
1086 1782 1322 1850 correctionem
1346 1781 1443 1849 nimie
1467 1779 1625 1848 audacem
1654 1782 1792 1872 rejicio.

502 1917 759 1986 Restituendum
782 1917 883 1985 duco:
915 1919 1042 2000 θρονίουε
1075 1917 1205 2004 θράνους,
1235 1919 1406 2004 <iperia>
1432 1916 1481 1982 aei
1505 1917 1631 1997 θρονῶινι
1655 1919 1794 1983 ταπεινοὶ

502 2079 568 2119 τινοι
591 2054 717 2136 tractim
752 2054 845 2135 <ἂ>
881 2054 931 2120 καὶ
964 2054 1106 2120 ὑποπόδιον
1133 2054 1289 2136 stromat,
1326 2074 1410 2140 qnae
1444 2053 1604 2120 vocabula
1633 2054 1790 2141 proxime

503 2190 701 2258 antecedant
730 2213 771 2258 ea
801 2213 885 2280 qnae
916 2189 1020 2257 Ruth.
1050 2190 1086 2256 in
1117 2190 1183 2256 fine
1213 2189 1340 2278 posuit:
1373 2190 1423 2272 ἐφ’
1453 2186 1489 2254 ὧν
1511 2189 1662 2269 ἱστάμενοι
1685 2192 1787 2279 <ci>

502 2327 713 2408 ἀπαγχόμενοι
738 2327 860 2407 dordone
882 2325 1019 2407 ἑαυτοὺς,
1043 2324 1291 2407 exclamarem
1314 2326 1404 2392 arisai.
1432 2362 1473 2374 -
1494 2324 1692 2413 Saepissime
1709 2331 1786 2415 post

503 2482 573 2528 voc.
590 2462 731 2549 simplex
746 2463 780 2528 in
795 2463 964 2547 lemmate,
981 2462 1016 2527 in
1029 2460 1249 2550 explicatione
1262 2460 1385 2528 iormae
1398 2460 1541 2548 plurales
1553 2465 1729 2527 occurrunt
1743 2460 1783 2550 ¹).

502 2597 655 2664 Formam
666 2599 801 2676 οροννίτιον
812 2598 961 2666 invenire
972 2619 1134 2686 nusquam
1146 2597 1253 2686 potui,
1266 2597 1400 2678 θρονίδιον
1410 2594 1512 2686 (quod
1522 2601 1556 2664 et
1565 2596 1784 2684 etymologica

502 2733 588 2799 bene
623 2753 658 2800 se
692 2733 806 2819 habet)
842 2738 893 2800 est
926 2734 1014 2823 apud
1051 2734 1135 2800 Poll.
1171 2735 1213 2800 X.
1250 2736 1292 2799 47
1329 2734 1369 2800 oi.
1405 2733 1496 2800 Snid.
1522 2755 1547 2800 a.
1572 2755 1604 2798 v.
1627 2732 1781 2816 opacae,

502 2867 612 2956 noym.
643 2870 688 2936 Μ.
721 2891 752 2957 p.
786 2871 862 2935 453.
897 2871 947 2934 13.
994 2869 1044 2937 De
1068 2874 1186 2936 neutro
1210 2870 1306 2949 οροῖνος
1330 2869 1371 2936 ci.
1396 2868 1494 2935 schol.
1520 2867 1561 2934 ad
1585 2867 1673 2934 Plut.
1698 2869 1782 2952 545,

503 3001 677 3071 Iluathath.
719 3006 814 3072 1400.
854 3005 907 3074 24.
947 3045 990 3056 -
1029 3005 1106 3071 Mea
1143 3004 1345 3072 correctione
1379 3004 1414 3068 in
1448 3002 1596 3069 ordinem
1630 3007 1782 3089 recepta,

503 3139 717 3206 Rutheriordi
741 3141 928 3226 annotatio,
952 3162 1017 3228 qua
1040 3139 1226 3208 contendit:
1252 3140 1283 3205 A
1310 3139 1441 3207 variant
1465 3141 1499 3204 ν’νο
1524 3138 1574 3204 tte
1594 3139 1710 3226 plural
1732 3138 1783 3202 aa}

498 3268 634 3360 Ἄρκτων,
670 3298 708 3341 or
744 3278 805 3342 else
837 3278 954 3364 simply
988 3277 1150 3361 tpxocioc,
1181 3278 1208 3344 ie
1235 3276 1367 3363 implicet
1393 3282 1428 3341 ot
1454 3276 1502 3342 alt
1530 3275 1570 3359 of
1594 3274 1656 3341 thie
1679 3281 1784 3358 notes,

503 3417 611 3495 except
634 3419 706 3495 two,
730 3410 856 3476 inutilis
879 3410 1053 3478 videbitur.

549 3544 653 3612 Sciret.
688 3545 768 3613 Rae.
804 3543 848 3612 ad
881 3567 924 3614 ve.
952 3550 1029 3615 133.
1077 3548 1193 3613 ἐπειδὰν
1227 3551 1320 3631 Φῶοιν
1354 3563 1440 3614 κτοις
1464 3553 1549 3614 τοῦτο
1572 3544 1784 3627 γνωριμώτερον

503 3682 567 3762 ἔχει
599 3681 648 3746 τὸν
677 3687 748 3748 νοῦν·
776 3681 893 3748 {accido
917 3684 941 3747 oi
964 3683 1095 3763 θεώμενοι
1119 3681 1236 3749 εἴπωσιν
1260 3683 1386 3766 ἀφίετε,
1411 3683 1539 3758 δηλονότι
1563 3682 1587 3746 οἱ
1609 3681 1782 3766 τρέχοντες,

503 3820 553 3884 καὶ
577 3818 614 3884 σὺ
636 3821 744 3885 τουτον
769 3822 886 3902 <iidoc
909 3818 1038 3891 κοίτω>.

547 3953 674 4020 Ultima
715 3976 758 4021 ex
800 3954 891 4023 Suid.
935 3955 1066 4043 supplet
1100 3916 1192 4022 Ruth
1257 3954 1304 4020 At
1338 3955 1391 4021 vel
1426 3953 1471 4018 sio
1506 3952 1665 4019 scholium
1700 3951 1784 4018 inte·

504 4109 597 4174 grum
628 4110 696 4154 non
725 4111 795 4156 esee
828 4112 1019 4179 persuasum
1044 4091 1123 4157 mihi
1148 4096 1207 4158 est.
1249 4089 1336 4168 Quid
1362 4089 1448 4156 enim
1470 4088 1534 4154 hoc
1556 4089 1628 4154 loco
1653 4108 1783 4173 compa·

503 4224 628 4290 nativus
659 4223 845 4311 significat?
881 4226 1064 4295 Scholiasta
1096 4232 1134 4294 ut
1157 4227 1198 4293 de
1223 4226 1320 4292 variis
1344 4225 1449 4290 modis
1474 4223 1592 4311 quibus
1616 4222 1783 4309 Dionysus

505 4359 546 4424 ad
569 4358 690 4426 inferos
713 4362 884 4447 pervenire
906 4363 1011 4450 possit
1033 4383 1121 4429 nunc
1146 4363 1285 4449 cogitet,
1309 4362 1356 4426 ita
1380 4365 1417 4426 ut
1441 4360 1528 4425 dicat
1545 4359 1674 4424 tertiam
1691 4357 1781 4422 illam

504 4495 607 4579 viam,
643 4517 740 4582 quam
775 4495 936 4563 Hercules
966 4497 1109 4582 indicat,
1145 4498 1323 4564 faciliorem
1355 4518 1425 4563 esee
1449 4494 1491 4562 ad
1517 4491 1781 4581 cognoscendum

505 4652 602 4720 quam
637 4635 735 4697 antea
768 4631 946 4718 indicatas,
984 4633 1116 4700 omnino
1152 4633 1222 4699 lieri
1257 4633 1382 4720 nequit.
1440 4631 1580 4720 Egregie
1616 4630 1782 4718 Dionysus

538 5045 566 5115 1)
585 5060 606 5096 e.
624 5061 648 5118 g.
666 5045 748 5097 schol.
765 5046 798 5099 ad
815 5045 875 5095 Pac.
892 5043 953 5110 447,
972 5043 1030 5098 901.
