4234 6059
934 760 976 825 59

361 981 465 1048 Schol.
489 983 570 1048 Rau.
594 982 638 1047 ad
659 1004 703 1049 oa.
728 985 805 1048 877.
851 980 1065 1062 θξυμερίραιοιςι
1101 991 1160 1055 τοῖς
1196 986 1276 1061 arrei
1313 984 1444 1066 σκέψεως
1478 986 1603 1067 εὑρισκο-

317 1116 412 1193 μένοις
436 1118 485 1181 καί
509 1119 649 1200 οἰφαιίοι.
680 1135 683 1136 ’

363 1252 518 1318 Praefero
551 1252 638 1338 quod
671 1253 772 1319 aeteri
803 1251 897 1318 codd.
932 1252 1110 1318 exhibente
1145 1254 1335 1335 ἀσαφέσι.
1368 1255 1408 1321 of.
1439 1255 1604 1325 scholari

318 1407 365 1455 vs.
391 1390 451 1470 m,
476 1408 540 1454 ιιι.
567 1389 744 1473 mamm.
1028 1357 1031 1361 ’

365 1522 469 1588 Soloi.
494 1522 574 1588 Ros.
598 1523 641 1587 ool
663 1543 707 1589 oa
733 1525 810 1591 890.
858 1521 1063 1608 Quamquam
1095 1524 1174 1609 quin
1204 1523 1307 1590 Ruth.
1336 1524 1412 1591 huie
1436 1547 1483 1593 rs.
1512 1532 1601 1593 reete

320 1657 530 1743 subjunxerit
554 1678 638 1743 quae
662 1656 696 1721 in
720 1656 792 1726 eod.
816 1657 1012 1743 legebantur
1036 1656 1077 1723 ad
1102 1680 1147 1725 vs.
1175 1660 1257 1741 459,
1282 1659 1392 1724 nullus
1417 1659 1543 1745 dubito,
1564 1660 1605 1727 de

321 1792 439 1857 esteris
472 1798 583 1857 tamen
614 1790 655 1856 ad
680 1814 726 1858 us.
752 1797 945 1880 sequentem
969 1792 1142 1880 adscriptis
1166 1793 1245 1859 satis
1269 1793 1347 1859 mihi
1373 1815 1439 1859 uou
1464 1800 1602 1863 constat.

322 1927 434 1993 Verba
457 1928 562 1993 euim:
587 1931 761 2002 σημειωτέον
784 1925 827 1992 ὅτι
852 1928 962 2002 ἰδιώτης
985 1928 1111 2004 λέγεται
1135 1928 1148 1991 ί
1173 1928 1240 2007 πρὸς
1261 1928 1342 2005 γένος
1366 1928 1434 2001 ἰδιος
1449 1930 1499 1993 καί
1518 1931 1604 2017 <ιί>

321 2063 457 2147 ἀμαθής,
478 2064 585 2128 minus
608 2068 685 2150 apte
708 2062 779 2149 hie,
812 2084 887 2127 oum
911 2061 952 2128 do
976 2062 1046 2128 deis
1071 2083 1175 2129 sermo
1198 2062 1278 2147 fiat,
1301 2084 1336 2128 se
1360 2062 1482 2129 habere
1507 2085 1604 2130 nemo

326 2218 393 2277 uon
425 2196 516 2271 videt
563 2197 627 2273 Qui
659 2198 792 2264 taudem
824 2197 865 2263 de
897 2197 992 2264 novis
1018 2197 1083 2263 illis
1107 2196 1177 2263 deis
1201 2197 1265 2264 diei
1289 2202 1415 2284 potest,
1441 2198 1606 2285 Euripidis

324 2332 586 2419 consanguineos
620 2354 676 2400 eos
708 2334 804 2399 esse?
842 2333 952 2419 Siquis
975 2338 1070 2419 putet
1094 2337 1226 2419 poetam
1250 2331 1430 2398 seeundum
1454 2333 1607 2398 soholias·

325 2474 391 2534 tam
423 2469 458 2533 in
486 2490 555 2534 voe.
580 2469 690 2541 ἰδιώτης
720 2458 846 2556 duplici
866 2468 1105 2554 significatione
1129 2466 1263 2550 lusisse,
1296 2467 1392 2532 nimis
1416 2472 1526 2534 tamen
1549 2489 1607 2533 ex·

325 2624 471 2691 pressum
503 2602 584 2668 illud
618 2604 707 2684 πρὸς
742 2607 852 2680 γένος
885 2594 964 2667 mihi
988 2601 1129 2670 ridetur.
1167 2601 1374 2689 Quapropter
1397 2602 1439 2669 ad
1463 2624 1509 2670 us.
1539 2605 1604 2668 459

326 2738 408 2804 haee
437 2738 603 2826 pertinere
635 2738 760 2826 opinor.
794 2738 948 2803 Fortasse
982 2742 1020 2802 ut
1051 2736 1132 2802 haee
1165 2742 1339 2802 annotaret
1361 2736 1495 2803 insolito
1519 2738 1607 2803 voeis

326 2894 388 2938 usu
411 2873 565 2939 induetus
590 2879 640 2939 est
664 2873 847 2939 scholiasta.
885 2872 967 2938 Cum
991 2872 1108 2937 ceteris
1133 2870 1226 2937 codd.
1251 2871 1428 2959 legendum
1452 2877 1516 2939 est:
1541 2873 1607 2937 οἰιτί

327 3015 380 3074 τοῦ
404 3009 469 3082 τοὺς
492 3009 592 3095 ἰδίους,
619 3011 686 3089 τοὺς
709 3007 844 3081 πολίτας.
869 3008 1042 3085 σημειωτέον
1066 3007 1094 3071 δὲ
1117 3004 1160 3071 ὅτι
1183 3007 1247 3071 καί
1272 3007 1383 3083 ἰδιώτης
1398 3006 1523 3085 λέγεται
1539 3023 1607 3073 κτλ.

327 3143 367 3212 ol.
400 3144 491 3211 Suid.
524 3166 549 3209 ιι.
574 3167 604 3210 v.
636 3143 744 3209 ἰδιῶται
775 3143 847 3228 (ubi
881 3144 931 3208 καί
967 3142 1140 3209 manifesto
1177 3141 1335 3233 excidit),
1372 3142 1482 3231 Etym.
1506 3142 1551 3210 M.
1575 3166 1607 3231 p.

327 3282 480 3365 466,10.

373 3415 477 3481 Sahal.
509 3414 553 3480 αώ
575 3436 618 3481 aa.
643 3416 719 3481 891.
745 3414 869 3499 (Dtibn.
893 3435 927 3501 p.
953 3413 1051 3479 300b.
1078 3414 1134 3499 26)
1157 3418 1246 3477 τοίοιν
1274 3412 1398 3486 ἰδιώταις
1422 3415 1509 3487 ίεοίςε
1536 3414 1608 3485 τινὲς

327 3551 356 3614 ἐν
386 3554 427 3629 τῷ
456 3552 526 3622 θεοῖς
549 3551 596 3615 δύο
620 3550 745 3615 τιθέασιν
766 3550 804 3633 (ι’.
828 3571 853 3617 ο.
871 3569 1028 3636 personae
1051 3548 1256 3613 mutationem
1279 3550 1441 3634 statuuat)
1461 3547 1484 3633 1)
1507 3544 1553 3612 ίια
1578 3544 1610 3611 ἓν

327 3684 417 3770 ᾖτδ,
441 3685 501 3750 ἰδίοι
525 3685 599 3758 τινές
624 3709 666 3751 σοι
689 3685 796 3762 alapa
819 3688 925 3751 καιιίι.

373 3821 403 3887 Α
427 3827 587 3887 contextu
610 3842 742 3909 prorsus
765 3822 873 3887 aliena
895 3822 978 3888 haee
1003 3841 1075 3887 esse
1100 3825 1199 3906 atqua
1225 3818 1265 3884 ad
1282 3840 1329 3887 vs.
1348 3821 1412 3884 889
1429 3818 1608 3906 pertinere,

327 3962 365 4020 ut
383 3956 454 4042 jam
477 3957 663 4024 observavit
686 3980 717 4023 v.
741 3959 925 4043 Leeuwen,
949 3956 1072 4043 liquido
1097 3960 1199 4043 patet.

373 4092 478 4160 Sohol.
502 4094 583 4161 Rau.
607 4094 651 4158 ud
672 4115 716 4160 os.
741 4096 817 4160 892.
855 4095 934 4174 αἰθηρ
960 4092 1028 4170 ἐμὸν
1050 4091 1209 4169 βθοκηριαι
1234 4088 1440 4171 χαρακτηρίζει
1458 4088 1610 4170 Εὐριπίδην

327 4230 496 4312 ειίειιίφοροι
520 4228 588 4295 ὄντα
612 4229 660 4294 ε’τί
684 4230 717 4294 τὸ
740 4228 887 4310 διορίζειν
910 4230 1007 4306 αἰθέρα
1034 4226 1119 4303 <τδι
1143 4226 1263 4306 atra>

374 4364 467 4430 Haeo
498 4363 604 4451 adjeci
635 4365 708 4430 ooll.
742 4363 841 4429 sohol.
873 4362 914 4428 ad
938 4362 1024 4430 Nub.
1049 4384 1096 4429 vs.
1123 4362 1207 4443 oto,
1239 4359 1347 4447 Iltym.
1372 4358 1417 4425 M.
1442 4381 1474 4446 p.
1500 4362 1554 4443 33,
1580 4363 1610 4424 9.

328 4499 432 4569 Ruth.
456 4500 571 4567 vertit:
608 4507 638 4565 to
662 4499 811 4577 addreso,
837 4500 960 4565 nomiae
982 4518 1115 4582 vorare,
1140 4496 1314 4583 appellare.
1362 4494 1454 4571 Quae
1478 4493 1611 4581 quidem

328 4635 419 4701 notio
442 4634 530 4723 apud
554 4636 737 4703 Homerum
760 4636 838 4700 satis
862 4635 1015 4719 frequens
1039 4638 1106 4719 est,
1143 4631 1229 4719 apud
1253 4631 1450 4719 posteriores
1474 4633 1607 4710 eontra,

363 5061 391 5128 ¹l)
409 5062 447 5113 Cl.
464 5062 545 5112 schol.
563 5061 596 5111 ad
614 5075 663 5111 uss.
682 5059 722 5126 98,
740 5060 780 5124 51,
797 5059 855 5125 stt,
872 5060 988 5113 Acheru.
1006 5074 1042 5110 rs.
1061 5058 1117 5110 899.
