4234 6059
1152 740 1195 817 48

533 974 650 1064 Neque
684 994 783 1041 sensu
817 937 1012 1042 sobolisstae
1042 974 1229 1043 observatio
1255 978 1361 1062 osrst,
1392 996 1466 1042 oum
1490 997 1509 1043 s
1532 975 1816 1065 praecedentibus

533 1108 660 1197 (Dibn.
684 1131 717 1199 p.
741 1108 844 1175 2951»
870 1110 926 1195 15)
955 1112 1114 1198 appareat
1145 1114 1178 1177 et
1207 1129 1267 1198 per
1296 1131 1332 1177 ss
1358 1111 1430 1197 jam
1452 1115 1549 1179 extro
1570 1111 1824 1180 dubitationem

533 1244 676 1333 positum
705 1244 767 1331 sit,
797 1242 1021 1331 Phryniobum
1051 1244 1088 1310 in
1123 1243 1292 1331 tragoedia
1315 1244 1356 1312 de
1381 1246 1478 1313 variis
1501 1245 1610 1314 luotae
1636 1248 1822 1335 generibus

533 1380 637 1445 multa
666 1378 869 1446 disseruisse.
914 1378 998 1445 Cum
1026 1377 1127 1445 Dind.
1150 1399 1227 1447 sero
1252 1401 1312 1469 pro
1335 1379 1353 1446 d
1358 1406 1393 1447 τι
1416 1382 1528 1470 legere
1552 1383 1684 1450 mallem
1708 1380 1825 1452 iras.

576 1514 684 1585 Soloi.
718 1515 801 1581 Bao.
835 1513 881 1581 ad
900 1534 946 1582 os.
970 1516 1051 1583 710.
1085 1514 1143 1583 eil.
1179 1514 1279 1584 sohel.
1314 1516 1453 1594 βολκνιῑς
1489 1516 1598 1595 dalens
1632 1534 1722 1585 κτλτ
1759 1518 1825 1584 δέον

531 1649 623 1717 εἰπεῖν
658 1649 776 1734 ,δτδοοι
809 1654 946 1732 κροτοῦσι
979 1649 1063 1728 Ji?
1097 1652 1147 1718 oda
1182 1646 1262 1717 εἶπεν
1285 1652 1358 1718 ἀλλ’
1380 1652 1541 1733 ἐπήνεγκεν
1567 1651 1622 1720 ὅσοι
1647 1654 1824 1737 τορέχετοιι

530 1785 684 1864 βιιλιινεὺς
718 1791 778 1859 τοῖς
813 1785 975 1865 λουομένοις
1010 1786 1171 1866 opipara.
1204 1782 1211 1875 Ι
1240 1785 1415 1865 dosassis:
1450 1787 1500 1855 τὸν
1534 1783 1766 1867 obstiterim
1792 1790 1825 1853 ἕν

531 1920 648 2003 τοιούτῳ
670 1921 727 1997 ἤθει
752 1920 847 2001 λέγει.

575 2054 629 2122 Ita
663 2056 788 2143 Boon,
821 2056 979 2124 lemmate
1011 2057 1054 2124 ds
1091 2078 1151 2123 suo
1186 2056 1310 2123 addens
1346 2061 1445 2145 atque
1468 2057 1564 2125 ὁπόσοι
1588 2059 1735 2126 scribens
1758 2080 1824 2149 pro

532 2192 651 2269 ὅτοόης.
698 2192 803 2292 Quem
836 2213 962 2259 errasse
993 2213 1123 2260 oenseo.
1171 2193 1421 2262 Substantivum
1445 2191 1532 2279 enim
1555 2193 1696 2282 βολάνη,
1728 2194 1821 2281 quod

531 2328 651 2415 seiam,
686 2349 847 2415 nusquam
882 2333 993 2394 exstat
1027 2349 1089 2395 neo
1124 2327 1219 2394 faoile
1253 2329 1425 2417 quisquam
1460 2328 1581 2396 dixerit
1617 2351 1683 2417 quo
1719 2330 1822 2396 modo

531 2468 650 2553 poetae
685 2463 786 2530 verba
822 2463 979 2551 explicari
1015 2463 1152 2552 possint.
1199 2463 1246 2530 At
1281 2485 1324 2531 ex
1351 2463 1430 2553 ipsis
1455 2464 1569 2531 sohoiii
1593 2464 1702 2533 verbis
1725 2466 1820 2532 tuou-

530 2598 648 2685 lenter,
672 2618 725 2664 ms
748 2596 881 2685 quidem
900 2597 1029 2685 judice,
1054 2604 1192 2688 apparet
1214 2597 1302 2665 aliud
1326 2597 1404 2686 quid
1429 2599 1636 2666 scholiastam
1659 2599 1815 2668 voluisse.

532 2731 678 2798 Primum
711 2733 866 2800 lemmate
900 2734 987 2821 quod
1022 2734 1126 2802 Ruth.
1151 2734 1278 2801 addidit
1303 2739 1455 2823 recepto,
1479 2734 1690 2815 dupondiumet
1715 2735 1816 2823 illud,

533 2866 621 2955 quod
655 2868 755 2936 sobal.
790 2868 933 2955 indicat,
956 2890 1088 2957 prorsus
1111 2869 1196 2958 perit
1221 2870 1373 2957 omnique
1397 2890 1496 2936 sensu
1518 2870 1618 2957 igitur
1645 2872 1817 2937 annotatio

535 3008 641 3090 oaret;
664 3026 707 3070 ex
731 3005 946 3091 sequentibus
970 3004 1090 3071 deinde
1113 3004 1323 3070 manifestum
1348 3008 1399 3071 est
1421 3005 1456 3069 in
1480 3026 1550 3072 voa.
1567 3014 1623 3082 γῆς
1642 3007 1816 3094 emphasin

531 3139 672 3227 positam
695 3160 767 3206 esse
791 3139 923 3205 debere.
946 3175 991 3189 -
1015 3138 1107 3204 Nihil
1129 3144 1256 3205 mutare
1276 3140 1425 3224 mallem,
1451 3138 1538 3227 apud
1556 3144 1686 3228 poetam
1704 3146 1815 3207 tamen

531 3274 739 3340 scholiastem
762 3273 874 3363 inepte
897 3274 1017 3361 legisse
1041 3274 1203 3361 suspicor:
1236 3275 1462 3354 ὅτιονιρρὸτκτος
1486 3274 1655 3361 βολονεύς,
1682 3275 1817 3349 ὅτιοόνρς

530 3415 667 3489 κροτοῦσι
697 3425 765 3476 κτλ.
810 3410 876 3475 Pro
910 3411 974 3476 hao
1005 3431 1080 3476 mea
1109 3410 1275 3477 sententia
1306 3411 1404 3477 etiam
1430 3409 1538 3476 faeere
1561 3408 1693 3476 videtur
1716 3408 1816 3477 sohel.

530 3542 747 3633 praecedens:
782 3543 876 3626 ὥοιιερ
910 3547 934 3611 οἷ
969 3547 1072 3624 ἔλεγεν
1108 3544 1300 3626 πονηρότατος
1335 3548 1412 3612 ἐστιν
1447 3546 1545 3622 adano
1578 3553 1635 3621 γῆς
1660 3543 1765 3621 dodona
1791 3546 1817 3610 oi

528 3681 674 3759 βολκνεῑς
696 3687 832 3761 κροτοῦσι
854 3696 922 3748 κτλ.
948 3720 991 3731 -
1013 3681 1140 3748 Ultima
1162 3680 1265 3748 Ruth.
1290 3682 1418 3769 angliae
1441 3680 1568 3748 reddiit
1603 3680 1646 3747 Ia
1670 3680 1813 3748 allusion

530 3824 560 3883 to
584 3817 741 3905 Oleipsaes
764 3819 798 3884 ν’νι
822 3818 870 3883 lois
893 3782 1058 3883 olaraoter
1082 3838 1118 3881 as
1141 3816 1319 3884 bati-man.
1357 3817 1448 3894 Quae
1466 3816 1562 3882 nimis
1578 3816 1644 3882 alte
1661 3816 1811 3904 quaesita

529 3954 635 4019 versio
658 3953 767 4042 ipsum
790 3951 950 4021 editorem
975 3952 1016 4018 de
1042 3956 1156 4018 textus
1179 3951 1371 4037 integritate
1388 3950 1555 4018 dubitasse
1573 3956 1723 4037 testatur,
1749 3952 1811 4016 nisi

528 4087 633 4155 fallor.
679 4088 840 4175 Equidem
874 4088 984 4157 losum
1019 4086 1135 4175 prooul
1168 4084 1268 4153 dubio
1293 4090 1479 4173 corruptum
1505 4085 1598 4153 duoo.
1635 4087 1811 4154 Rescribe:

530 4247 559 4287 τ.
582 4225 606 4289 d.
631 4234 686 4289 Κλ.
719 4226 755 4288 ἕν
792 4223 874 4300 ἤθει
898 4228 1076 4289 τοιοῦτον
1100 4221 1200 4307 λέγει,
1230 4222 1253 4289 i.
1278 4242 1305 4288 e.
1329 4242 1426 4288 ιιιιιινιν
1450 4243 1465 4288 e
1488 4221 1722 4289 balneatoribus
1744 4222 1813 4308 (qui

529 4356 669 4445 pessime
704 4356 846 4423 Athenis
880 4357 1074 4444 audiebant)
1090 4359 1197 4443 Jocose
1215 4356 1243 4447 ¹)
1271 4357 1427 4445 Clipsasm
1451 4357 1595 4445 appellat
1608 4356 1635 4425 *.
1660 4356 1702 4425 of.
1728 4377 1813 4446 quas

530 4489 665 4557 exhibet
687 4492 793 4564 Von.;
814 4499 914 4558 τοῦτον
937 4494 967 4559 δὲ
988 4496 1025 4567 ὥς
1046 4494 1187 4573 βοιλοινὲοι
1203 4492 1304 4572 ἐξάγει
1321 4492 1419 4580 (male
1436 4491 1525 4559 8uid.
1543 4514 1567 4561 s.
1584 4514 1616 4559 v.
1634 4492 1809 4570 Κλεινὲνιρςι

529 4626 667 4714 lesdas).
692 4660 734 4677 -
758 4626 1030 4696 asseveraret
1054 4634 1164 4718 potest
1188 4634 1225 4695 ut
1248 4648 1315 4696 non
1338 4628 1410 4695 sine
1434 4649 1532 4694 eausa
1554 4626 1596 4695 de
1612 4628 1731 4696 oomioi
1746 4626 1811 4693 fide

560 4977 590 5038 1)
607 4980 702 5031 Eodem
729 4993 809 5031 sensu
835 4973 860 5027 ἐν
885 4976 935 5037 ato
960 4978 1058 5047 legitur
1084 4995 1106 5031 e.
1124 4994 1149 5047 g.
1174 4978 1256 5031 sobol.
1275 4979 1307 5029 ad
1326 4977 1450 5043 vestii,
1469 4978 1526 5043 621,
1545 4979 1577 5030 ad
1595 4978 1664 5032 Plut.
1683 4990 1735 5030 vsa.
1752 4974 1812 5059 610,

528 5070 586 5139 869,
602 5070 652 5124 884
669 5079 719 5126 eto.
1435 5064 1436 5067 ’
