4234 6059
948 736 989 809 ‚41

370 957 475 1027 Sctol.
510 958 554 1023 ad
584 979 628 1026 cs.
656 960 723 1023 563
758 956 828 1023 sine
862 956 983 1023 idonea
1005 977 1105 1022 causa
1127 955 1387 1024 Rutherlordum
1413 955 1604 1023 distraxisse

326 1099 415 1160 recte
446 1098 595 1159 autumat
618 1094 761 1164 Roemer
783 1091 805 1159 l.
828 1091 850 1156 l.
874 1113 906 1179 p.
933 1095 1007 1158 170.
1039 1089 1130 1157 Nihil
1154 1090 1343 1156 offensionis
1367 1090 1501 1176 habere,
1524 1113 1608 1178 quae

328 1229 399 1296 cod.
422 1229 507 1296 Ven.
536 1228 690 1295 exhibet:
713 1228 746 1292 πὸ
769 1227 888 1308 κραίνειν
914 1226 963 1292 καί
989 1229 1032 1305 μὴ
1055 1221 1160 1292 διδόναι
1183 1225 1232 1291 τὸν
1256 1225 1356 1303 arella
1375 1225 1456 1291 mihi
1480 1247 1609 1314 quoque

326 1364 466 1434 videtur.
502 1363 582 1431 eod.
617 1365 701 1433 Rev.
736 1363 854 1431 habet:
889 1363 921 1428 τί
944 1401 990 1413 -
1012 1362 1116 1429 triluce
1152 1367 1330 1443 πανταχοῦ,
1362 1360 1419 1426 ubi
1449 1360 1610 1429 exciderit

329 1504 404 1588 post
425 1499 547 1568 eretum:
570 1500 619 1565 τὸν
641 1497 752 1577 μνοίίν.

372 1632 475 1704 Sobol.
499 1635 580 1703 Rae.
604 1636 648 1700 od
669 1655 714 1703 os.
737 1636 815 1701 567.
851 1631 977 1718 ἕξρίξαςε
1004 1639 1056 1700 τοῦ
1084 1632 1250 1699 πανδοκείου
1274 1632 1291 1718 Ι.
1315 1631 1371 1705 τὰς
1391 1631 1527 1724 ψνοίίουςῑ
1551 1627 1607 1697 οἷον

325 1770 377 1836 καί
401 1770 441 1835 τοί
466 1770 640 1850 σπρνίρναπα.

369 1905 410 1971 In
448 1904 519 1972 cod.
560 1903 743 1993 posteriora
782 1903 945 1992 prioribus
986 1902 1198 1970 antecedunt.
1247 1901 1334 1982 Quin
1369 1902 1493 1989 Rutu,
1527 1902 1609 1970 haec

326 2026 561 2128 transponens,
584 2039 680 2106 valde
704 2039 837 2106 fallatur
860 2020 914 2105 uix
937 2036 1156 2104 dubitandum
1184 2041 1243 2106 est.
1291 2037 1475 2106 Scholiasta
1499 2037 1526 2103 si
1543 2038 1609 2104 tale

325 2175 404 2263 quid
427 2175 594 2261 voluisset,
630 2173 813 2263 scripsisset
847 2173 936 2241 iere:
975 2176 1015 2240 ἐκ
1051 2179 1117 2239 τοῦ
1154 2173 1388 2241 πανδοκείου
1411 2172 1608 2250 δηλονότι,
1687 2171 1689 2174 ’

245 2388 250 2396 ,
324 2311 600 2399 praepositionem
636 2314 725 2376 certe
759 2329 826 2376 non
855 2309 1026 2378 omisisset.
1062 2309 1154 2376 Nihil
1177 2308 1371 2376 mutandum
1397 2312 1457 2378 est.
1492 2307 1611 2374 Auno*

326 2451 413 2513 tator
435 2445 515 2512 dicit
539 2445 729 2531 Herculem,
750 2444 888 2511 simulac
911 2465 1060 2533 caupona
1076 2467 1149 2512 cnm
1165 2445 1284 2511 ancilla
1298 2444 1396 2510 minis
1411 2444 1605 2533 perterritae

331 2583 366 2648 in
391 2581 539 2669 superius
563 2581 747 2648 tabulatum
760 2580 994 2668 confugerunt,
1010 2581 1132 2670 raptim
1144 2580 1305 2668 stragulae
1316 2584 1425 2647 vestes
1438 2600 1456 2646 e
1470 2579 1608 2647 taberna

327 2716 512 2786 abstulisse.
545 2716 634 2792 Quas
657 2717 691 2782 in
715 2715 868 2783 inferiore
892 2715 1009 2782 domus
1031 2720 1126 2804 parte
1150 2716 1249 2783 fuisse
1274 2716 1369 2782 facile
1393 2714 1606 2802 intellegitur,

329 2849 490 2938 siquidem
507 2856 540 2918 et
555 2849 642 2928 ξενίου
658 2855 692 2918 et
706 2851 812 2933 ανδροίν
825 2851 875 2918 ibi
891 2856 985 2918 erant
1000 2851 1041 2918 cf.
1058 2851 1142 2920 Poll.
1163 2851 1190 2919 1.
1214 2855 1255 2918 78
1276 2873 1335 2938 sqq
1348 2813 1382 2936 1Ι).
1406 2850 1607 2916 Insolentius

326 2985 426 3051 etiam
449 2984 513 3052 hoe
536 2984 689 3052 Herculis
711 2985 838 3052 lacinus
862 2990 949 3072 erat,
974 2984 1238 3074 quandoquidem
1261 2986 1324 3051 iter
1347 2984 1505 3052 facientes
1528 2984 1607 3050 talia

327 3140 437 3187 secum
472 3119 636 3208 portanda
669 3120 839 3189 curabant.
875 3121 915 3189 cf.
951 3120 1051 3189 schol.
1087 3120 1128 3187 ad
1163 3143 1210 3188 vs.
1238 3119 1524 3207 1,Aeschin.11.
1550 3122 1605 3204 99,

326 3255 423 3321 Plato
447 3254 584 3323 Theaet.
613 3257 675 3322 175
693 3276 722 3324 e.

369 3387 473 3459 Scool.
497 3390 541 3456 ad
561 3411 605 3458 os.
629 3393 706 3458 579.
753 3389 877 3478 (Dribn.
901 3414 934 3479 p.
960 3394 1036 3475 293.
1061 3393 1119 3476 40)
1138 3355 1255 3458 κακίον’
1271 3390 1454 3470 οίπολοίμνρνι
1479 3389 1606 3456 ἐνταῦθα

325 3524 508 3606 Φοβοιίμενος
532 3527 546 3590 ί
571 3526 705 3594 Διίνυοον
723 3527 903 3607 ὑποκρίνεται
919 3527 1024 3607 φιλίαν
1041 3526 1110 3607 πρὸς
1127 3526 1249 3596 Ξανίίαν
1258 3575 1267 3606 ,
1292 3524 1338 3592 ίνα
1354 3524 1445 3592 ποίλνν
1460 3527 1607 3608 Ἡρακλῆς

324 3659 445 3737 γίνηται
468 3659 518 3724 καί
544 3660 632 3734 αὐτὸς
657 3662 779 3735 Ξανίίκς
804 3659 1002 3750 [κελευόμενος
1026 3662 1082 3726 ὑπὸ
1106 3661 1268 3748 Arcadum}

369 3794 494 3873 Ultima
529 3796 694 3884 expunxi,
730 3817 814 3884 quae
849 3796 930 3864 mire
966 3795 1019 3862 hic
1053 3817 1090 3863 se
1121 3796 1267 3882 habent,
1302 3794 1429 3883 inipso
1453 3795 1526 3861 loon
1551 3796 1608 3861 nbi

323 3929 490 4018 Dionysus
512 3930 632 3996 infimis
656 3930 808 4019 precibus
832 3952 979 4017 servum,
1003 3936 1041 3998 ut
1064 3953 1138 3997 sues
1161 3936 1272 4020 partes
1295 3930 1405 3998 denuo
1429 3929 1604 4018 suscipiat,

324 4085 454 4132 movere
490 4072 636 4132 conatur.
683 4066 797 4133 Verba
831 4067 885 4131 ὑπὸ
918 4065 1054 4132 Διονύσου
1086 4067 1220 4155 insuper
1244 4065 1450 4132 artificiosam
1476 4069 1605 4133 tantum

323 4200 577 4287 explicationem
601 4199 798 4287 admittunt;
823 4201 1068 4289 expectaverist
1094 4202 1152 4266 ὑπ’
1176 4204 1307 4267 αὐτοῦ.
1324 4201 1352 4286 2)

369 4331 472 4402 Sobel.
496 4335 540 4400 ad
561 4357 605 4403 ου.
629 4339 706 4404 593.
753 4336 877 4423 (Dlibn.
901 4358 934 4424 p.
959 4335 1069 4403 293b.
1096 4336 1129 4421 9)
1152 4336 1300 4414 μαραίνων
1324 4336 1470 4420 tradition.

316 4532 571 4542 v———u—

355 4672 384 4738 l)
400 4675 439 4724 De
455 4675 561 4725 aedium
578 4675 750 4740 dispositione
768 4677 800 4727 cl.
818 4675 900 4727 Bekk.
917 4674 998 4728 Char.
1016 4677 1050 4728 II.
1069 4691 1093 4740 p.
1112 4675 1144 4727 70
1161 4691 1236 4743 sqq,
1255 4674 1391 4727 Hermann
1411 4675 1429 4727 l.
1446 4675 1464 4726 1.
1481 4675 1504 4725 l.
1521 4674 1555 4724 19

355 4767 383 4830 2)
401 4782 424 4818 ν.
442 4767 572 4818 Leeuwen
595 4768 631 4839 ll.
654 4770 732 4820 aliter
755 4769 812 4821 loco
829 4770 928 4820 mederi
946 4774 1057 4821 conatus
1075 4775 1130 4834 est,
1155 4768 1322 4835 praefigendo
1341 4768 1398 4819 scil.
1416 4767 1525 4833 ultima,
1545 4767 1607 4818 inde

322 4859 356 4911 ab
373 4859 417 4909 καί
434 4858 525 4924 uiroc,
544 4862 644 4913 scholio
661 4863 694 4913 ad
712 4878 748 4914 vs.
766 4863 828 4914 5822
852 4863 915 4925 ίίπερ
932 4862 992 4925 πρὸς
1010 4860 1089 4911 αὐτᾶν
1107 4862 1120 4911 δ
1135 4863 1255 4920 Δνίννπορ
1273 4863 1391 4925 πρότερον
1405 4860 1500 4924 ἔλεγε,
1517 4861 1608 4910 ταῦτα

324 4952 397 5015 λέγει
422 4951 465 5003 καί
491 4951 571 5012 siric
598 4954 779 5018 εἰρωνευόμενος
807 4955 851 5006 καὶ
877 4956 985 5026 παίζων.
1019 4956 1118 5008 Parum
1137 4955 1248 5008 feliciter
1265 4956 1394 5024 arbitron
1415 4955 1482 5005 mihi
1500 4955 1607 5027 quidem

322 5046 532 5112 haudquaquam
550 5050 692 5113 persuasit.
