4234 6059
930 745 972 816 47

309 971 488 1059 fugissent,
524 993 610 1038 anno
645 973 707 1037 421
734 972 886 1040 saionem
917 974 1032 1041 urbem
1055 974 1268 1043 habitandam
1289 964 1526 1045 'aonoassernnt
1543 980 1588 1066 ¹),
1645 958 1649 967 ⁸

310 1107 485 1176 Kirehhoff
512 1111 617 1196 putat.
657 1106 759 1195 Oujus
783 1108 1048 1197 interpretationi
1071 1131 1191 1177 nomen
1215 1111 1381 1179 Hellanioi
1404 1113 1440 1202 in
1464 1113 1589 1180 soholio

310 1243 351 1309 ob
377 1263 492 1310 sensas
515 1263 614 1329 snpra
634 1242 778 1330 prolatas
803 1243 930 1332 obstat,
955 1265 1029 1311 eum
1052 1246 1154 1313 rerba
1176 1251 1367 1335 praeterea:
1385 1246 1492 1325 διεξιὼν
1505 1264 1588 1337 aaa,

310 1378 428 1464 quibus
463 1377 504 1443 ad
541 1398 670 1464 servos,
705 1377 761 1465 qni
796 1378 882 1469 apud
918 1379 1100 1467 Arginusas
1136 1374 1383 1470 pugnaverunt,
1419 1385 1589 1452 annotatio

308 1518 457 1602 spectare
488 1511 636 1599 videtur,
668 1512 841 1579 manifesto
872 1519 987 1602 postea
1018 1514 1131 1582 addita
1155 1521 1241 1584 sunt.
1277 1517 1394 1606 Neque
1418 1518 1518 1607 solrol.
1544 1518 1586 1585 ad

308 1670 356 1715 rs.
390 1650 453 1715 692
485 1646 661 1714 Kirohhoff
685 1653 719 1714 et
742 1670 773 1716 v.
796 1649 963 1717 Leeuwan
986 1656 1222 1739 respexerunt,
1246 1651 1303 1719 ubi
1326 1651 1456 1719 disertis
1478 1653 1587 1720 verbis

307 1803 475 1850 servorum
499 1782 623 1849 mentio
646 1783 702 1869 fit,
719 1804 865 1869 ⁴quorum
888 1805 988 1872 opera
1010 1784 1098 1852 bello
1122 1786 1255 1853 Persioo
1279 1787 1330 1854 usi
1354 1793 1430 1853 suut
1453 1788 1585 1855 Platae·

308 1939 415 1984 auses.
449 1918 514 1985 Hie
542 1938 620 1984 vero
644 1917 851 2005 urguendum
876 1924 1034 2006 nonest,
1068 1920 1155 2008 quod
1178 1920 1303 1988 Herod.
1328 1921 1424 1991 VIII.
1448 1925 1492 1987 44
1514 1922 1590 1989 Pla·

307 2058 459 2119 taaanses
488 2053 523 2117 in
552 2074 664 2141 pugna
694 2053 877 2147 Salaminia
902 2054 1090 2122 interfuisse
1122 2062 1240 2143 negat,
1269 2056 1430 2145 siquidem
1455 2056 1586 2124 diversa

306 2187 368 2253 hae
403 2187 445 2253 (le
482 2209 517 2254 re
551 2188 746 2264 Hellanicus
782 2187 910 2255 tradere
949 2190 1057 2278 potuit
1073 2190 1118 2277 2),
1157 2196 1215 2258 aut
1251 2191 1346 2259 iaeile
1384 2192 1589 2280 intellegitur

307 2323 516 2389 scholiastam
540 2323 729 2390 memoriter
750 2323 832 2390 haee
856 2324 1067 2413 afferentem,
1092 2326 1194 2393 solam
1215 2326 1427 2394 Salaminiam
1443 2348 1587 2416 pugnam

307 2458 510 2546 nominasse,
533 2459 612 2525 lieet
635 2457 676 2526 do
699 2459 852 2527 universo
875 2460 963 2526 bello
986 2460 1119 2527 Persioo
1144 2461 1314 2548 cogitaret.

351 2594 401 2660 De
435 2593 555 2660 Koolrii
578 2594 818 2683 explieatione,
841 2600 957 2683 utpote
981 2601 1054 2662 orta
1076 2618 1094 2663 e
1118 2596 1200 2663 falsa
1223 2597 1264 2664 de
1288 2597 1417 2665 diuerso
1441 2598 1584 2665 civitatis

306 2750 427 2815 genere
462 2730 635 2817 opinione,
670 2752 768 2817 quam
803 2752 901 2819 supra
934 2732 1051 2818 rejeci,
1089 2732 1228 2821 amplius
1259 2755 1326 2800 non
1350 2739 1401 2801 est
1424 2733 1588 2801 disseren-

305 2862 393 2932 dum.
419 2903 461 2915 -
486 2865 607 2932 Veram
630 2865 694 2931 loei
717 2866 1024 2955 interpretationem
1048 2867 1207 2947 seholium
1224 2867 1265 2934 ad
1282 2890 1327 2935 rs.
1346 2870 1411 2957 692
1428 2870 1586 2958 praebere

306 3000 387 3065 milri
412 2998 554 3085 ridetur,
579 2999 667 3086 quod
690 3000 814 3066 ultimis
837 3001 952 3068 soholii
976 3002 1018 3068 ad
1041 3023 1088 3069 rs.
1115 3004 1179 3068 694
1203 3004 1312 3070 verbis
1328 3002 1428 3069 etiam
1445 3005 1583 3093 amplifi·

305 3138 408 3202 eatur.
432 3133 565 3201 Oomioe
589 3156 700 3202 servos
723 3135 876 3203 libertate
899 3137 1078 3204 honoratos
1100 3158 1159 3225 pro
1184 3137 1310 3204 oivibus
1332 3143 1432 3226 atque
1453 3139 1584 3225 liberis,

306 3268 523 3337 Plataeenses
557 3275 656 3359 posta
679 3271 845 3357 nominat,
870 3271 990 3360 quippe
1014 3293 1152 3359 quornm
1176 3274 1278 3359 servi,
1303 3274 1392 3340 bene
1417 3273 1458 3339 de
1481 3274 1588 3361 patria

306 3406 432 3491 meriti,
467 3406 555 3472 inter
589 3406 678 3474 aives
713 3407 790 3472 olim
825 3408 950 3496 recepti
983 3407 1123 3475 fuerant.
1170 3409 1352 3498 Improprie
1375 3409 1487 3497 igitur,
1512 3430 1586 3475 meo

306 3540 438 3627 quidem
458 3540 602 3627 jndicio,
628 3541 745 3608 verba:
771 3543 820 3607 sal
845 3548 1005 3617 Πλαταιᾶς
1028 3545 1109 3617 aare
1134 3540 1224 3631 sisar,
1249 3543 1441 3635 accipienda
1464 3551 1552 3612 sunt

351 3674 455 3742 Schol.
489 3676 570 3743 Rau.
601 3676 646 3742 ad
675 3697 719 3745 vt.
744 3680 821 3746 701.
857 3678 974 3752 adorea
998 3678 1159 3761 ἀνθρώπους
1182 3694 1269 3745 ara:
1302 3678 1344 3745 ὅτι
1368 3678 1511 3754 πολλάκις
1535 3680 1585 3745 καὶ

304 3818 433 3893 συνεχῶς
457 3820 568 3893 χρῆται
592 3819 651 3885 τοῖς
675 3816 786 3886 αὐτοῖς.

349 3946 442 4013 Haeo
476 3946 579 4013 Ruth.
615 3968 810 4033 quamquam
846 3947 916 4036 ipss
951 3948 1123 4034 dubitans,
1166 3949 1230 4015 huo
1266 3949 1486 4037 transposuit,
1527 3971 1586 4038 pro

303 4088 431 4162 χρῶνται
460 4082 575 4169 legens
597 4091 719 4164 χρῆται.
765 4081 942 4171 Adseripta
965 4088 1059 4150 erant
1083 4105 1131 4152 rs.
1156 4084 1220 4150 689
1244 4083 1407 4151 lemmati:
1442 4085 1583 4167 Φρυνίχου

303 4218 530 4297 ratalouaoro:
569 4218 627 4292 ἔθος
665 4218 795 4310 ἔχουσινΙ
820 4218 844 4284 ol
881 4220 1000 4296 κωμικοὶ
1039 4220 1269 4302 repausatorio
1307 4226 1374 4293 τοὺς
1413 4221 1585 4303 τραγικοὺς,

304 4352 348 4419 ἔτι
375 4369 445 4421 κτλ.
555 4390 557 4393 >

350 4487 551 4554 Praesertim
583 4488 625 4553 ob
659 4487 739 4553 satis
769 4488 927 4577 puerilem
951 4493 1050 4576 atque
1075 4488 1249 4556 manifesto
1273 4491 1422 4558 mutilam
1445 4496 1584 4559 anneta*

306 4622 450 4712 tionem,
474 4644 557 4710 qnae
574 4622 616 4690 ad
632 4645 679 4692 rs.
696 4626 761 4690 689
778 4628 899 4711 restat,
923 4622 1137 4691 distrahenda
1150 4625 1232 4693 haee
1248 4646 1315 4693 nou
1332 4647 1403 4725 esse
1420 4625 1583 4695 existimo.

323 4959 364 5029 l)
383 4962 465 5016 Thus.
483 4963 513 5015 V.
531 4962 573 5015 32.

339 5054 368 5121 2)
390 5056 422 5108 oi.
440 5056 574 5108 Fritzsche
592 5056 738 5109 Commeat.
756 5073 781 5123 p.
798 5057 855 5110 aas.
