4234 6059
1118 711 1160 778 38

499 939 526 1008 Ι.
551 941 582 1004 4.
606 937 751 1004 Maxime
776 939 885 1000 tamen
909 955 961 1000 me
984 936 1096 998 movet
1118 931 1270 998 Eustath.
1294 953 1325 1019 p.
1353 931 1448 996 1915.
1472 933 1508 996 tr
1532 928 1665 1009 κδλλοψ,
1690 929 1781 1003 treta

498 1074 612 1154 ὕστερον
635 1071 802 1156 artritica,
825 1069 860 1134 δι’
883 1065 917 1134 od
938 1068 1078 1133 raiacarru
1102 1067 1134 1132 al
1157 1066 1271 1148 χορδλί.
1309 1063 1408 1132 Unde
1431 1065 1596 1152 colligitur
1620 1065 1778 1132 citharam

498 1231 600 1274 unum
632 1212 761 1274 tantum
785 1204 979 1272 verticillum
1002 1202 1037 1269 in
1059 1203 1164 1268 latere
1187 1179 1356 1280 hahuisse,
1392 1220 1457 1288 quo
1482 1221 1595 1266 omnes
1619 1200 1719 1284 fides,
1743 1201 1779 1266 in

498 1365 624 1410 summa
654 1342 780 1409 cithara
802 1342 885 1427 jugo
916 1359 1084 1423 annexae,
1115 1336 1375 1405 intenderentur.
1422 1335 1640 1402 Instrumenti
1669 1341 1781 1403 autem

496 1501 571 1566 pars
586 1478 720 1545 inferior
731 1477 784 1542 cui
796 1474 938 1542 chordae
951 1473 1143 1560 affiguntur,
1161 1471 1280 1538 dicitur
1291 1470 1455 1552 χορδοτόνος
1468 1470 1568 1556 (Poll.
1580 1470 1640 1538 IV.
1655 1473 1721 1557 62).
1738 1510 1778 1522 -

495 1613 621 1681 Plurali
644 1617 756 1678 tamen
779 1611 883 1676 forma
906 1609 1011 1674 utitur
1033 1607 1170 1675 Luciau.
1195 1608 1295 1675 Deor.
1320 1605 1407 1675 Dial.
1431 1606 1509 1676 VII.
1534 1607 1566 1672 4.
1612 1606 1654 1672 In
1678 1607 1779 1675 schol.

495 1747 536 1812 ad
572 1747 658 1814 Plat.
694 1747 779 1833 Rep.
814 1745 882 1812 vu
912 1766 944 1832 p.
976 1745 1037 1809 531
1071 1742 1225 1830 legimusr
1258 1741 1425 1808 κολλόπωντ
1457 1740 1625 1818 κολλάβων.
1652 1737 1726 1806 οὕτω
1750 1741 1779 1806 δὲ

494 1881 631 1959 λέγονται
666 1880 707 1944 τὰ
741 1881 797 1944 τῶν
832 1879 939 1960 χορδῶν
973 1877 1105 1944 irratam
1135 1876 1198 1957 arpi
1232 1873 1253 1942 da
1284 1876 1428 1940 atroam
1462 1871 1563 1940 adrat.
1610 1875 1684 1941 Hoc
1706 1875 1778 1944 loco

493 2014 594 2100 igitur
628 2013 772 2085 κόλλοπες
811 2013 1033 2102 appellantur,
1069 2012 1126 2100 qui
1161 2011 1241 2078 alias
1286 2009 1555 2075 carrinarum
1594 2014 1777 2078 vocantur:

495 2157 675 2215 transverso
717 2149 882 2214 tranatillo
898 2148 935 2231 1).
975 2184 1018 2197 -
1054 2145 1270 2214 Scholiastam
1304 2149 1451 2211 nostrum
1486 2143 1609 2211 bullam
1645 2149 1775 2212 tantum

493 2285 551 2349 fini
586 2283 739 2350 transtilli
777 2281 952 2369 superioris
982 2280 1133 2366 infixam,
1168 2301 1234 2346 non
1261 2280 1367 2368 ipsum
1393 2279 1591 2346 transtillum
1615 2281 1778 2365 voluisse,

494 2440 568 2483 cum
591 2417 695 2485 Ruth.
720 2417 926 2503 potissimum
950 2415 1058 2483 credo.
1082 2455 1128 2465 -
1151 2416 1215 2481 Pro
1240 2417 1430 2500 conjectura
1446 2434 1519 2480 mea
1536 2415 1636 2481 etiam
1654 2414 1779 2484 faciunt

497 2553 621 2617 nummi
664 2552 813 2617 nonnulli
851 2552 886 2617 in
924 2552 1043 2638 quibus
1081 2551 1244 2635 citharae,
1287 2572 1354 2617 una
1392 2550 1550 2619 clavicula
1590 2550 1778 2637 praeditae,

498 2706 673 2774 expressae
707 2691 795 2752 sunt.
812 2685 842 2774 2)
874 2691 909 2752 et
944 2685 1132 2752 testimonia
1162 2686 1322 2773 quaedam
1355 2707 1397 2752 ex
1421 2686 1547 2752 artibus
1570 2685 1716 2773 fingendi
1744 2691 1779 2754 et

499 2820 666 2907 pingendi.
684 2819 714 2908 3)

536 2955 602 3023 Ad.
626 2976 671 3023 aa.
693 2959 770 3024 520.
794 2978 823 3022 v.
841 2957 1008 3022 Leeuwen
1024 2955 1058 3020 in
1080 2956 1312 3022 commentario
1330 2961 1419 3024 recte
1435 2956 1654 3028 Fritnschium
1669 2936 1778 3024 locum

493 3090 745 3178 interpretatum
781 3112 853 3157 esse
887 3090 1056 3177 perhibet,
1092 3091 1148 3184 qui
1178 3091 1266 3164 αὐτός
1298 3092 1414 3158 vertit:
1445 3093 1549 3178 aolus,
1572 3099 1690 3180 sponte.
1737 3094 1778 3159 In

493 3224 667 3290 Fritnsohii
692 3225 861 3292 Ranarum
884 3225 1030 3291 editione
1053 3231 1165 3292 autem
1188 3226 1495 3316 interpretationem
1519 3227 1687 3296 laudatam
1711 3250 1779 3294 non

492 3359 622 3444 inveni,
658 3360 736 3446 quin
772 3361 871 3426 etiam
894 3361 929 3425 in
954 3361 1188 3426 commentario
1212 3360 1309 3427 dicit:
1338 3361 1493 3449 ,Eprepte
1515 3383 1586 3430 cero
1611 3363 1661 3432 laic
1684 3364 1779 3440 Xon·

495 3493 580 3558 thiae
603 3493 641 3557 de
663 3495 826 3579 semetipso
844 3496 939 3580 ponit
963 3481 1077 3565 asara
1099 3493 1191 3560 (ierit
1212 3497 1294 3561 caim
1318 3517 1350 3562 se
1360 3519 1424 3583 pro
1441 3498 1531 3582 herc,
1555 3518 1654 3585 quum
1669 3520 1779 3586 reaper

496 3647 603 3692 seruus
626 3629 687 3711 ait,
710 3629 789 3692 mire
810 3631 944 3715 perticas
961 3649 1101 3715 persono
1123 3629 1218 3694 herili
1237 3630 1314 3698 etc.”
1342 3631 1428 3698 Utut
1451 3637 1518 3716 cst,
1542 3631 1778 3700 Leonwenium

497 3762 583 3827 hanc
607 3762 861 3851 explicationem
886 3763 1062 3830 defendere
1087 3762 1239 3851 equidem
1263 3765 1372 3831 miror.
1404 3766 1611 3832 Urbanitatis
1626 3768 1689 3834 hoc
1706 3789 1777 3834 esse

495 3894 590 3981 dicit,
617 3918 659 3963 ne
683 3898 740 3964 vix
764 3919 861 3984 aegre
884 3899 1048 3964 Xanthias
1065 3921 1084 3964 a
1102 3899 1300 3966 mulierculis
1316 3900 1462 3988 pertrahi
1479 3900 1656 3968 videretur.
1681 3903 1778 3970 Atta·

494 4050 570 4094 men
604 4031 755 4116 minimo,
781 4053 833 4098 mc
855 4032 982 4120 judice,
1009 4032 1224 4100 metuendum
1252 4034 1282 4102 ai
1306 4039 1394 4118 erat,
1419 4056 1461 4103 ne
1486 4035 1552 4102 tale
1575 4035 1653 4122 quid
1678 4035 1718 4102 de
1743 4058 1777 4103 sc

494 4163 721 4232 existimarent
753 4167 962 4234 mulierculae
998 4188 1082 4254 quae
1117 4167 1207 4233 intus
1244 4173 1358 4254 erant,
1395 4170 1516 4260 quippe
1547 4192 1632 4257 quae
1664 4191 1777 4237 verum

493 4298 688 4385 Herculem,
731 4301 819 4366 vitae
860 4301 992 4368 delicias
1030 4302 1176 4389 profecto
1217 4325 1284 4370 non
1316 4310 1544 4391 spernentem,
1586 4326 1661 4372 eum
1704 4326 1776 4372 esse

493 4431 675 4501 crederent.
710 4433 807 4502 Adde
838 4436 925 4524 quod
956 4437 1092 4525 pulchra
1122 4439 1285 4526 oppositio
1313 4439 1400 4506 inter
1423 4441 1509 4513 αὐτός
1536 4445 1569 4506 et
1593 4441 1606 4505 ὁ
1634 4448 1705 4514 παῖς
1730 4441 1777 4508 sio

494 4658 741 4670 m

528 4805 556 4865 l)
574 4805 606 4856 cf.
623 4805 705 4856 schol.
723 4806 755 4856 ad
775 4804 854 4870 Vesp.
870 4807 927 4859 574.

530 4896 556 4960 2)
574 4897 606 4948 ol.
624 4897 743 4950 ldionnct
759 4899 849 4950 Desor.
867 4900 891 4951 d.
910 4899 976 4953 Med.
993 4903 1076 4968 antiq.
1095 4904 1180 4968 suppl.
1201 4902 1239 4953 111
1258 4903 1293 4967 pl.
1311 4902 1334 4967 5,
1354 4903 1389 4956 ib.
1408 4904 1452 4956 IV.
1468 4904 1498 4970 8,
1518 4905 1560 4956 Vl.
1578 4905 1602 4973 3,
1615 4906 1638 4972 8,
1652 4907 1724 4959 vul.
1736 4908 1778 4961 12.

529 4989 557 5054 3)
575 4991 607 5042 cl.
626 4989 759 5042 Overbeek
778 4991 872 5044 Gesch.
890 4994 913 5044 d.
932 4993 976 5046 Gr.
993 4995 1096 5047 Plastilr
1115 4997 1139 5046 1³
1156 5012 1180 5061 p.
1198 4995 1254 5061 142,
1273 4994 1334 5062 169,
1352 4996 1408 5063 201,
1427 4998 1452 5048 11
1471 5013 1494 5064 p.
1512 4997 1568 5064 395,
1586 4999 1643 5052 ⁴05.
