4234 6059
956 744 998 807 49

336 966 389 1031 hic
413 965 612 1036 dubitaverit
637 970 823 1049 annotator,
849 988 1056 1052 quamquam,
1083 989 1156 1033 cum
1173 968 1255 1033 nihil
1275 967 1316 1034 de
1333 970 1469 1055 Oligene
1485 964 1617 1036 aliunde

337 1106 452 1167 notum
476 1102 536 1185 sit,
562 1122 614 1166 res
638 1099 809 1187 dijudicari
833 1103 958 1188 nequit

381 1237 487 1302 Schol.
511 1236 592 1302 Rau.
619 1235 664 1300 ad
686 1257 730 1302 os.
755 1206 831 1302 714.
868 1237 924 1303 ult.
961 1237 1060 1303 schol.
1096 1240 1158 1301 ἰδὼν
1193 1238 1283 1303 solbs:
1319 1240 1397 1311 εῖδῖος
1421 1238 1464 1304 ὅτι
1488 1248 1619 1315 μισεῖται

336 1374 418 1452 rapt
453 1378 508 1437 τῶν
543 1377 679 1438 πολιτῶν·
715 1372 754 1435 ta
789 1374 838 1435 acci
862 1372 1028 1451 βακτηρίαν
1053 1372 1131 1452 ἔχων
1158 1374 1264 1455 περιῄει
1288 1374 1323 1436 δι’
1348 1372 1379 1451 ἧς
1404 1376 1528 1449 ἠμύνετο
1554 1378 1619 1449 τοὺς

338 1508 550 1587 ἐπερχομένους
574 1508 665 1588 αὐτῷ.

379 1642 420 1708 In
454 1641 525 1709 cod.
562 1641 778 1709 antecedunt:
814 1651 1010 1721 προσεποιεῖτο
1045 1643 1075 1707 δέ
1105 1642 1141 1716 ὥς
1166 1651 1243 1726 <parc
1269 1645 1318 1708 κοιῖ
1343 1646 1451 1721 μονέοον
1475 1645 1551 1717 εἰδὼς
1568 1623 1618 1711 ’ὅτι

336 1793 402 1842 κτλ.
451 1778 543 1852 Quae
579 1778 681 1845 Ruth.
718 1779 878 1844 lemmati:
917 1780 968 1843 οὐκ
1002 1780 1135 1855 εἰρηνικάς
1170 1779 1228 1844 ἐσθ’
1252 1796 1319 1846 arr..
1345 1779 1519 1865 adscribit,
1545 1803 1618 1846 eum

335 1913 420 1978 Ven.
451 1912 582 1998 legens:
619 1922 813 1993 προσεποιεῖτο
836 1909 1035 1994 πρέφοιοιν
1069 1913 1117 1976 νοοῖ
1140 1915 1258 1990 acrias.
1305 1915 1444 1981 Locutio
1468 1936 1546 1981 vero
1570 1941 1617 1996 πρ.

335 2049 483 2131 πρόφασιν
519 2070 597 2114 num
633 2050 765 2114 omnino
801 2070 953 2134 graecum
979 2050 1021 2114 sit
1044 2048 1140 2115 valde
1165 2049 1298 2133 dubit03
1327 2051 1618 2116 ascholiastarum

336 2204 486 2249 sermone
527 2205 599 2255 eam
639 2184 870 2250 alienissimam
911 2183 1004 2249 duco.
1043 2183 1147 2251 Ruth.
1181 2207 1239 2271 per
1270 2182 1300 2249 ἓν
1332 2186 1380 2249 aa
1404 2188 1476 2251 δυοῖν
1500 2188 1617 2255 vertit:

265 2358 268 2362 .
338 2318 469 2384 Observa
493 2319 564 2384 tuat
586 2320 624 2384 bc
642 2320 815 2405 pretended
848 2328 877 2384 to
901 2319 934 2384 be
960 2320 1036 2384 mad
1060 2327 1089 2384 to
1110 2327 1162 2405 pet
1185 2341 1227 2384 an
1250 2341 1375 2407 meuse,
1401 2322 1496 2386 nimis
1520 2322 1619 2386 artifi-

335 2455 441 2539 ciose,
465 2476 518 2520 me
538 2453 660 2539 judice.
696 2453 836 2519 Accedit
859 2450 964 2541 quod,
989 2453 1069 2540 quid
1093 2455 1171 2520 talia
1199 2455 1252 2520 hic
1269 2456 1329 2520 sibi
1347 2432 1467 2539 velint,
1485 2477 1616 2544 prorsus

337 2609 404 2654 non
439 2589 664 2677 perspicimus.
711 2589 847 2655 Inversa
864 2589 1008 2655 'ratione
1033 2589 1180 2669 πρόφασιν
1204 2596 1392 2677 corruptum
1418 2612 1489 2657 esse
1514 2614 1556 2656 ex
1582 2592 1619 2664 ὥς

335 2730 429 2806 φασιν
452 2725 562 2811 potius
586 2723 693 2790 credo.
730 2725 896 2810 Integram
921 2724 1041 2789 codicis
1065 2726 1149 2791 Rev.
1175 2726 1368 2811 scripturam
1392 2747 1464 2791 esse
1489 2726 1617 2813 opinor,

336 2879 420 2944 quae
445 2881 557 2925 sanam
582 2860 779 2927 sententiam
805 2860 993 2946 praebebit,
1019 2860 1046 2923 si
1073 2865 1177 2924 totum
1202 2859 1359 2924 scholium
1377 2860 1539 2927 lemmati:
1564 2864 1614 2925 οὐκ

337 2996 469 3072 εἰρηνικός
493 2994 551 3059 ἐσθ’
576 2994 797 3080 subjunxeris.
837 2995 909 3059 Hoc
939 2993 1035 3059 dicit:
1060 2994 1230 3079 Oligenem
1256 2995 1421 3059 vesaniam
1445 2996 1613 3059 simulasse

334 3134 372 3193 ut
395 3135 605 3213 praetextum
623 3131 684 3195 sibi
700 3136 831 3218 pararet
847 3129 1070 3194 circumeundi
1087 3130 1172 3195 fuste
1189 3134 1349 3209 armatus,
1372 3151 1436 3215 quo
1454 3152 1473 3194 a
1489 3129 1614 3195 civibus

334 3264 395 3330 sibi
419 3265 555 3330 infensis
579 3287 614 3331 se
638 3265 840 3331 defenderet.
865 3264 905 3331 ef.
932 3264 1023 3331 Suid.
1040 3286 1064 3330 s.
1084 3287 1113 3331 v.
1138 3263 1209 3328 ἄνευ
1224 3263 1312 3341 ξυόιου
1335 3266 1377 3339 μὴ
1400 3264 1544 3346 βαδίζοις
1560 3314 1568 3330 .
1584 3311 1614 3331 ..

333 3408 527 3477 προσεποιεῖτο
555 3401 624 3480 πρὸς
648 3409 707 3471 τοῖς
731 3400 833 3472 ἄλλοις
856 3408 956 3472 κοινοῖς
980 3401 1029 3464 aa}
1054 3401 1182 3477 μνονῖοιν,
1219 3400 1296 3470 εἰδὼς
1319 3396 1362 3463 ὅτι
1386 3415 1473 3465 κτλ..
1501 3400 1614 3484 Quod,

333 3538 371 3598 ut
392 3539 481 3600 rec‘te
505 3539 643 3600 annotat
666 3558 695 3603 v.
721 3537 905 3620 Leeuwen,
930 3536 964 3599 in
987 3534 1162 3599 ridiculum
1187 3533 1361 3620 detorquet
1384 3535 1537 3601 comicus.

377 3669 431 3736 Sic
465 3670 507 3735 de
540 3670 658 3737 Oreste
693 3676 876 3757 grassatore
912 3670 1031 3734 dicitnr
1067 3670 1167 3734 schol.
1200 3670 1241 3734 ad
1265 3668 1408 3735 Acharn.
1433 3691 1480 3736 rs.
1508 3672 1611 3737 1167:

330 3802 412 3877 οὗτος
447 3806 683 3887 προσποιούμενος
719 3806 829 3881 μοινιόιν
853 3808 917 3877 τοὺς
943 3805 1102 3883 ποριέντοις
1126 3804 1264 3882 saetoso,
1289 3825 1373 3889 quae
1397 3805 1611 3890 interpretor:

331 3940 481 4006 Orestem
504 3942 613 4029 specie
636 3941 783 4007 insaniae
807 3946 967 4005 armatum
991 3940 1106 4005 urbem
1122 3937 1383 4027 perambulasse,
1409 3959 1482 4002 cum
1499 3960 1612 4004 revera

329 4083 546 4162 grassatorem
572 4081 606 4141 et
629 4076 790 4141 latronem
815 4082 936 4161 ageret.
961 4075 1001 4140 cf.
1025 4074 1089 4140 Ar.
1114 4096 1160 4140 vs.
1185 4075 1260 4139 497.

375 4211 479 4278 Sobel.
504 4212 548 4276 od
569 4233 612 4276 oo.
637 4215 713 4277 720.
752 4211 878 4299 (Diibn.
903 4233 935 4297 p.
961 4212 1024 4274 296
1041 4210 1074 4275 b.
1094 4211 1149 4293 ll)
1174 4208 1213 4279 εἷς
1238 4233 1270 4271 τε
1294 4211 1438 4287 πνῖρχοοῖον
1462 4210 1609 4286 νέμιομοοε

329 4347 370 4426 τῷ
393 4311 516 4426 προτέρῳ
539 4347 596 4410 ἔτει
620 4347 667 4410 ε’πῖ
691 4347 872 4421 Ἀντιγένους
896 4344 1068 4416 Ἑλλάνικός
1091 4354 1166 4425 φησι
1185 4349 1310 4423 χρυσοῦν
1330 4343 1461 4420 νέμιομοι
1478 4352 1609 4418 κοπῆνοιι.

374 4481 480 4547 Recte
511 4479 649 4545 fortasse
673 4479 714 4545 de
737 4479 799 4545 hoc
826 4480 898 4545 loco
923 4479 1091 4544 Fritzsche
1111 4477 1257 4564 judicat,
1281 4478 1351 4563 qui,
1376 4477 1453 4544 inde
1478 4480 1518 4543 ab
1542 4484 1610 4545 Ἐοι-

328 4616 443 4688 assim
466 4615 548 4681 haec
571 4613 740 4692 dividens,
763 4616 798 4680 in
821 4615 887 4680 fine
910 4615 1061 4679 lacunam
1086 4614 1212 4678 statuit.
1237 4613 1329 4679 Sicut
1350 4635 1437 4678 nunc
1454 4615 1609 4700 leguntur

327 4750 398 4815 sine
421 4750 642 4816 controversia
666 4755 818 4837 corrupta
841 4754 928 4818 sunt.
953 4750 992 4814 cl.
1017 4770 1116 4836 supra
1139 4748 1239 4816 schol.
1264 4748 1305 4813 ad
1329 4769 1375 4815 vs.
1402 4749 1477 4814 694.

373 4885 478 4953 Sebol.
515 4886 595 4953 Bao.
631 4886 675 4952 ad
707 4906 751 4952 os.
786 4888 863 4953 725.
898 4885 955 4950 ult.
991 4884 1092 4949 schol.
1117 4892 1176 4956 τοῖς
1200 4891 1328 4963 πονηροῖς
1353 4885 1510 4963 mutatur:
1548 4892 1608 4956 τοῖς

325 5020 471 5100 ἀδοκίμοις
494 5021 544 5087 aa}
567 5022 762 5100 μεμιγμένοις
785 5022 910 5107 χαλκῷ,
935 5022 972 5091 ὥς
998 5020 1045 5083 έπῖ
1074 5018 1271 5098 νομιομοέτων.

1490 5131 1507 5181 4
