4234 6059
1115 682 1158 747 88

495 907 631 989 (ἔχει)
653 907 670 982 i
693 908 735 983 ri
757 904 974 982 καταλέξασθαι
995 919 1064 974 κτλ.
1090 902 1178 970 Huio
1201 902 1379 991 suspicioni
1399 902 1499 969 etiam
1514 901 1625 968 farere
1644 901 1776 968 videtur

496 1043 678 1109 infinitivus
712 1041 842 1126 aorieti‚
875 1041 932 1127 qui
966 1040 1089 1129 optime
1125 1039 1247 1106 servari
1270 1059 1358 1105 nuno
1381 1042 1500 1126 potest.
1549 1038 1632 1104 Post
1655 1037 1778 1127 triverat

496 1179 557 1259 ἔχει
580 1182 614 1244 et
635 1178 801 1252 treveriren
823 1198 897 1242 oum
920 1175 1022 1242 futuri
1045 1180 1115 1241 turn
1138 1174 1250 1241 aoristi
1273 1173 1455 1240 infinitivus
1479 1173 1613 1262 ponitur
1633 1175 1668 1258 ¹).

542 1314 646 1381 Sodroi.
669 1313 712 1379 ad
734 1334 778 1380 vs.
801 1315 900 1380 1463.
941 1311 1065 1398 (Ditbn.
1089 1332 1120 1399 p.
1146 1312 1211 1377 312
1234 1310 1266 1376 b.
1292 1312 1348 1395 36)
1371 1311 1423 1385 τὴν
1446 1318 1502 1386 γῆν
1526 1308 1597 1374 ὅταν
1621 1311 1779 1386 νομίσωαιὶ

496 1452 547 1523 τὴν
578 1451 746 1530 Περικλέους
777 1448 896 1526 γνώμην
925 1448 1018 1523 λέγει.
1050 1446 1075 1511 εἷ
1102 1446 1153 1521 τὴν
1180 1445 1234 1522 μὲν
1264 1446 1402 1519 Ἀττικὴν
1427 1446 1464 1515 ὥς
1492 1445 1638 1521 πολεμίαν
1662 1445 1780 1511 ἐασονσι

496 1586 668 1664 τέμνεσθαι,
693 1584 710 1660 ἢ
733 1584 783 1649 καὶ
807 1586 838 1649 οὐ
861 1583 1013 1659 τέμνουσι,
1037 1583 1090 1656 τὴν
1113 1580 1142 1645 δὲ
1166 1582 1335 1654 Λακωνικὴν
1358 1580 1609 1661 τερισλεύοονσιν.

540 1722 581 1786 In
605 1720 656 1785 hie
679 1720 797 1786 verba:
821 1719 837 1794 ἢ
861 1717 911 1783 καὶ
935 1720 966 1783 οὐ
982 1718 1116 1791 τέμνουσι
1133 1716 1228 1781 nihili
1243 1737 1315 1783 esse
1330 1717 1464 1805 planum
1481 1721 1542 1782 est.
1578 1715 1670 1793 Quae
1687 1716 1780 1784 Suid.

497 1877 627 1943 quoque
657 1876 682 1920 a.
715 1876 745 1919 v.
778 1861 937 1928 uerrutis,
962 1852 1085 1917 scholio
1110 1857 1221 1917 nostro
1245 1871 1340 1936 usus,
1365 1852 1595 1939 praetermisit.
1643 1852 1780 1919 (tollatis

496 1990 633 2057 Periclis
655 1988 766 2055 verbis
789 1987 875 2075 apud
899 1987 1002 2053 Thus.
1027 1987 1054 2055 Ι.
1079 1989 1159 2070 143,
1181 1988 1215 2053 5:
1232 1986 1281 2051 rori
1298 1989 1322 2052 si
1338 1985 1418 2069 ᾤμην
1434 1988 1543 2052 πείσειν
1559 1989 1657 2073 ὑμᾶς,
1675 1988 1780 2061 αὐτοὺς

497 2127 533 2189 λιν
563 2123 731 2201 itenditur
762 2123 889 2188 ἕκὲλεοσν
921 2122 1001 2189 αὐτοὶ
1032 2122 1139 2204 δρῶσαι
1171 2121 1398 2210 reponendum
1426 2144 1497 2189 esse
1525 2123 1657 2211 opinor:
1687 2124 1703 2199 i
1731 2125 1780 2189 roi

496 2259 651 2336 <αῠτοὶ>
676 2265 831 2335 τεμνῦσι.

542 2396 647 2460 Sciret.
678 2394 759 2461 Rae.
791 2394 835 2458 ad
859 2414 903 2460 es.
932 2395 1022 2458 1497
1047 2393 1069 2460 i.
1098 2393 1120 2459 f.
1148 2400 1395 2476 σκαριφησμοῖσιί
1420 2394 1660 2478 σκιαγραφίαις·
1684 2420 1781 2475 σκαρι-

498 2532 599 2611 φεύειν
622 2530 682 2609 γαρ
706 2530 739 2594 τὸ
761 2530 827 2599 τοὺς
851 2528 1023 2610 ζωγράφους
1049 2529 1248 2594 ὑσοτνσῶσαι.

544 2666 721 2751 Perperam
752 2684 804 2729 me
830 2662 961 2748 judioe,
993 2663 1082 2751 quod
1113 2664 1166 2729 vel
1196 2664 1300 2729 forma
1330 2665 1445 2730 soholii
1476 2665 1610 2731 insolita
1636 2665 1781 2733 indioare

499 2800 644 2882 videtur,
680 2798 786 2865 Ruth.
822 2797 893 2864 eod.
925 2799 1011 2865 Ven.
1046 2805 1179 2865 seoutus
1211 2806 1278 2883 eet,
1303 2800 1384 2866 haee
1408 2800 1569 2887 resipiens
1593 2822 1669 2888 pro:
1702 2810 1782 2874 τοῖς

498 2934 742 3017 ζωγραφοις,
775 2954 858 3020 quae
890 2933 1026 3000 exhibet
1057 2935 1141 3001 Rev.
1174 2934 1293 3000 Melius
1317 2936 1488 3001 restitues:
1513 2938 1699 3016 σκαριφεύειν
1725 2939 1782 3015 γαρ

499 3070 531 3134 τὸ
557 3072 713 3157 (παρὰ)
747 3076 804 3140 τοῖς
836 3068 1001 3150 ζωγραφοις
1030 3071 1237 3157 ὑποτυτῶσαι,
1262 3071 1284 3139 i.
1309 3092 1337 3137 e.
1360 3071 1487 3136 verbum
1510 3096 1557 3137 σκ.
1583 3071 1664 3137 idem
1688 3073 1784 3158 siqni-

498 3205 576 3287 fieot
598 3213 693 3292 atque
716 3207 750 3269 ir
773 3225 930 3289 sermone,
958 3227 1020 3292 quo
1044 3213 1180 3272 utuntur
1197 3209 1353 3292 pictores,
1379 3209 1652 3290 ὑσοτυσῶσαι,
1679 3208 1785 3271 ieviter

499 3342 665 3424 imopirrem
692 3340 860 3407 delineare.
889 3339 929 3407 oi.
957 3340 1041 3409 Poll.
1073 3341 1145 3407 v11.
1173 3343 1253 3407 128:
1278 3341 1319 3405 σα
1342 3341 1371 3405 δὲ
1395 3340 1466 3421 μέρη
1487 3349 1540 3415 τῆς
1564 3343 1672 3420 τέχνης
1703 3339 1784 3424 (soil.

500 3476 660 3561 picturae)
684 3477 883 3558 ὑσοτύτωσις,
908 3477 1079 3556 ὑσογραφή,
1103 3478 1279 3559 σκιαγραφή
1304 3482 1337 3543 et
1361 3475 1500 3542 deinde:
1524 3477 1609 3540 seroie
1633 3476 1784 3541 ὑσντνσώ·

501 3613 617 3674 orriri.
640 3648 685 3658 -
707 3610 760 3675 Ex
794 3610 856 3676 hae
891 3616 961 3676 arte
995 3613 1189 3678 translatum
1225 3577 1276 3677 de
1301 3613 1416 3698 quavis
1445 3632 1480 3677 re
1504 3610 1727 3698 perfunctorie
1752 3614 1784 3676 et

502 3746 609 3811 minus
633 3752 784 3813 aeourate
808 3748 894 3813 taeta
918 3748 1053 3814 verbum
1077 3754 1262 3835 usurpatur.

547 3880 651 3949 Sehol.
682 3883 726 3947 od
755 3904 798 3950 es.
834 3885 930 3951 1505.
977 3884 1100 3968 (Diibn.
1132 3906 1162 3972 p.
1199 3886 1263 3949 313
1291 3884 1322 3951 b.
1348 3885 1405 3968 40)
1429 3891 1501 3949 trior
1527 3889 1787 3963 roprrrrir:....

502 4015 619 4087 τούτους
641 4018 743 4101 λέγει,
766 4018 831 4090 τοὺς
857 4020 966 4103 <rir>
991 4019 1052 4097 περὶ
1079 4018 1164 4098 erdere
1188 4018 1352 4099 χρημάτων
1375 4018 1605 4096 εἰσηγουμένους.

547 4150 670 4217 Addidi
700 4154 758 4236 σιί,
790 4154 863 4222 aoll.
894 4153 986 4220 Suid.
1020 4175 1044 4221 s.
1078 4175 1126 4230 v.;
1150 4153 1247 4220 Phot.
1273 4175 1298 4219 e.
1324 4175 1353 4220 v.
1400 4154 1522 4220 Verte:
1546 4153 1622 4219 ilios
1647 4152 1788 4236 indicat,

503 4289 563 4374 qui
583 4288 707 4352 consilii
729 4287 766 4352 de
789 4288 987 4371 conficiendis
1010 4288 1162 4379 reditibus
1187 4296 1328 4355 auctores
1351 4289 1495 4371 fuerunt.

549 4422 668 4486 Sciet:
686 4422 767 4488 Rae.
799 4423 843 4487 ad
872 4444 916 4490 es.
940 4424 1039 4488 1513.
1086 4423 1297 4499 Ἀδειμιέντονε
1321 4424 1487 4505 στρατηγὸς
1511 4420 1543 4497 ἦν
1565 4430 1615 4490 τοῦ
1642 4430 1788 4492 ναυτικοῦ.

504 4556 553 4621 καὶ
581 4556 710 4627 Εὔπολις
733 4556 882 4632 μέμνηται
905 4560 933 4622 ἕν
958 4557 1082 4623 Πόλεσιν
1104 4558 1176 4623 οὕτω
1201 4565 1285 4623 ποιῶν
1308 4562 1356 4624 τὸν
1382 4558 1572 4635 Ἀδείμαντον
1596 4559 1788 4636 <λέγειν>τ

518 4803 765 4812 ...-

542 4968 569 5035 1)
587 4967 624 5019 Ci.
643 4966 750 5017 Classen
769 4966 801 5018 ad
819 4965 901 5018 Thus.
920 4965 983 5020 VIII
1001 4964 1046 5035 74,
1065 4966 1089 5018 3.
