4234 6059
966 726 1005 789 11

344 950 464 1015 eruntP
500 948 591 1024 Quae
616 949 672 1013 vix
696 968 733 1013 ac
750 969 791 1013 ne
807 948 864 1013 111
880 946 1012 1033 quidem
1029 946 1270 1033 intellegimus,
1295 947 1357 1011 nisi
1374 946 1522 1033 Euripidi
1538 968 1624 1013 nunc

344 1083 543 1170 Aeschylum
579 1082 777 1169 exprobrare
802 1082 976 1164 sumimus,
999 1080 1218 1146 ratiocinandi
1242 1080 1522 1166 imperitissimum
1546 1102 1623 1147 oum

344 1239 432 1302 esse,
471 1217 592 1305 quippe
629 1217 684 1304 qui
720 1224 894 1304 postquam
928 1216 963 1280 in
1000 1215 1104 1280 tribus
1139 1237 1202 1281 166.
1228 1215 1269 1281 ab
1293 1215 1458 1302 Aeschylo
1482 1215 1623 1281 laudatis

342 1360 457 1418 πλεῖν
492 1352 509 1428 ἢ
545 1352 692 1417 δώδεκα
716 1372 751 1417 66
775 1350 1015 1438 reprehendero
1041 1349 1181 1435 dixerit,
1209 1350 1320 1415 statim
1344 1350 1534 1436 adjunxerit
1559 1351 1624 1415 sin-

341 1488 436 1574 gulos
467 1508 530 1553 166.
564 1485 727 1573 viginti
760 1486 929 1552 minimum
961 1486 1041 1551 vitia
1066 1486 1244 1553 continere.
1293 1484 1388 1561 Quod
1415 1506 1456 1551 ne
1480 1486 1622 1552 facetum

324 1619 473 1709 ‚quidem
489 1644 561 1689 esse
578 1623 730 1689 existimo
746 1644 807 1688 nec
823 1622 999 1709 quidquam
1018 1622 1080 1687 nisi
1096 1622 1236 1687 insulsas
1253 1621 1397 1707 argutias
1414 1621 1455 1686 ab
1473 1620 1620 1686 hocloco

341 1749 576 1824 alienissimae)
611 1758 727 1844 Neque
752 1779 824 1823 cum
849 1756 1014 1843 Euripidis
1038 1756 1171 1843 ingenio
1195 1756 1351 1822 bellicoso
1376 1757 1526 1841 congruit
1551 1761 1617 1820 tem

339 1892 467 1981 placide
492 1892 668 1958 adversarii
689 1892 942 1957 insectationem
967 1913 1041 1957 eum
1068 1891 1191 1957 tulisse.
1225 1892 1403 1956 Praeterea
1426 1890 1544 1955 mirum
1560 1896 1621 1976 est,

340 2027 427 2114 quod
463 2027 647 2114 Aeschylus
681 2031 756 2114 post
789 2026 889 2093 haec:
927 2028 984 2103 ec
1020 2032 1117 2091 σιωπῶ
1143 2026 1226 2111 reid,
1263 2025 1324 2092 deo
1349 2026 1620 2111 morigeraturum

338 2163 450 2250 itaque
486 2164 661 2228 taciturum
700 2184 734 2228 66
767 2182 929 2228 essenon
953 2167 1054 2247 negat
1077 2166 1111 2227 et
1135 2165 1302 2246 tamquam
1326 2160 1408 2226 nihil
1432 2160 1554 2225 dictum
1579 2162 1621 2225 sit

339 2297 458 2364 deinde
487 2319 523 2363 66
546 2298 640 2383 gerit.
664 2335 709 2346 -··
732 2319 764 2364 1.
787 2297 952 2363 Leeuwen
976 2317 1040 2361 166.
1070 2298 1245 2361 1132-35
1272 2295 1394 2361 delevit
1418 2294 1619 2362 Meinekium

338 2438 471 2498 secutus
496 2431 569 2516 (nisi
594 2432 681 2519 quod
705 2432 757 2497 hic
781 2454 826 2497 16.
856 2434 940 2497 1136
966 2414 1065 2497 etiam
1090 2430 1247 2516 seclusit),
1276 2430 1375 2497 etiarn
1400 2430 1549 2517 Euripidi
1573 2454 1619 2499 16.

342 2567 464 2633 11361)
500 2568 657 2634 tribuens.
706 2567 829 2633 (lontra
864 2588 960 2654 quem
994 2567 1095 2654 igitur
1131 2587 1216 2654 quae
1252 2566 1349 2632 modo
1381 2566 1454 2662 ,dixi
1489 2588 1619 2653 quoquo

338 2703 461 2770 valent.
507 2702 623 2788 Neque
646 2703 750 2788 magis
772 2702 808 2766 in
832 2701 981 2767 delendis
1004 2702 1055 2767 his
1079 2703 1227 2769 versibus
1244 2703 1274 2768 ei
1292 2702 1461 2769 assentior.
1486 2701 1618 2787 Optime

340 2839 426 2904 enim
451 2839 573 2904 serrari
596 2843 750 2926 possunt,
784 2844 821 2902 ut
844 2859 918 2903 mea
940 2838 1005 2904 fert
1028 2838 1160 2925 opinio,
1184 2843 1324 2926 excepto
1349 2859 1415 2903 uno
1439 2859 1490 2942 16.Ι
1514 2839 1617 2919 1133,

337 2974 393 3059 qui
417 2994 455 3038 16
490 2974 569 3038 66116
594 2974 778 3060 explicatus
802 2973 947 3038 nondum
971 2979 1022 3040 est
1037 2974 1078 3060 l).
1114 2975 1236 3039 Postea
1253 2973 1383 3039 additus
1401 2994 1471 3039 esse
1487 2971 1618 3038 videtur

337 3128 409 3171 cum
426 3108 753 3194 interpretationem,
778 3130 874 3196 quam
890 3109 985 3175 unice
1003 3130 1114 3176 veram
1131 3109 1254 3187 habeo,
1268 3110 1338 3195 jam
1355 3129 1420 3173 non
1437 3107 1615 3174 novissent.

335 3242 454 3308 Restat
477 3249 514 3308 ut
538 3243 579 3309 de
603 3265 669 3308 uno
693 3243 800 3309 adhuc
824 3229 975 3331 scrupulo
993 3244 1159 3310 disseram.
1186 3242 1615 3311 116.1134111116611111611

335 3398 406 3443 esse
450 3400 495 3444 16.
535 3381 618 3444 1229
655 3385 792 3445 6616611
827 3380 886 3444 1111
923 3380 1020 3445 docti.
1081 3379 1172 3450 Nihil
1209 3385 1317 3445 tamen
1355 3379 1484 3445 obstare
1518 3377 1615 3444 video

334 3512 507 3597 quominus
549 3518 583 3579 et
621 3513 674 3578 hic
711 3521 744 3579 et
777 3515 834 3579 ille
871 3536 920 3581 16.
955 3522 1137 3599 serventur,
1183 3514 1359 3579 dummodo
1395 3514 1615 3580 adversarium

333 3646 517 3713 imitantem
560 3648 751 3735 Euripidem
794 3650 870 3716 ficta
912 3649 1140 3736 indignatione
1175 3672 1221 3716 16.
1262 3652 1346 3714 1229
1381 3649 1614 3737 pronunciasse

333 3801 507 3846 sumamus.
541 3782 598 3848 Sin
623 3791 733 3849 autem
750 3784 834 3850 hanc
852 3786 1106 3872 explicationem
1121 3784 1260 3872 probare
1276 3804 1438 3870 nequeas,
1463 3783 1614 3871 equidem
1671 3754 1675 3761 Ι

332 3938 379 3983 16.
404 3918 510 3981 166111
540 3919 757 4003 patrocinium
782 3921 891 4007 potius
916 3921 1101 4007 suscipiam.
1147 3920 1212 3985 Hic
1236 3919 1340 3998 enim,
1372 3925 1447 4006 post
1471 3918 1613 4006 prudens

332 4039 470 4139 Dionysi
505 4054 695 4139 consilium,
731 4054 932 4142 Aeschylum
967 4056 1048 4121 haec
1084 4056 1283 4144 respondere
1319 4054 1401 4121 nihil
1425 4054 1613 4121 offensionis
1656 4076 1661 4087 ·

331 4184 441 4252 habet.
488 4186 678 4276 Euripidem
714 4195 825 4255 autem
861 4212 906 4256 16.
934 4194 1019 4256 1229
1055 4191 1252 4278 ineptiarum
1278 4189 1332 4255 dei
1367 4211 1435 4256 rem
1470 4190 1505 4254 in
1537 4188 1613 4253 ridi·

331 4322 441 4386 culum
464 4321 690 4409 detorquentis
714 4326 830 4391 serio
857 4327 1017 4392 rationem
1041 4326 1184 4411 hahere,
1208 4325 1385 4392 absurdum
1410 4324 1549 4392 videtur.
1572 4327 1612 4391 cf.

331 4477 377 4522 16.
405 4459 500 4543 1243.
547 4459 605 4525 Vs.
645 4461 731 4525 1134
765 4462 866 4546 igitur
900 4462 948 4525 illi
982 4467 1185 4550 anteponere
1220 4484 1286 4528 non
1323 4462 1448 4528 dubito.
1475 4460 1611 4547 —Ego

330 4591 417 4677 apud
441 4598 572 4679 poetam
595 4594 706 4681 legere
730 4597 1013 4683 praetulerimus.
1040 4601 1123 4663 1131
1151 4618 1242 4683 sqq:

339 4845 584 4855 —---——-.

363 5020 391 5088 1)
409 5021 447 5073 Cf.
467 5037 489 5074 v.
507 5023 665 5075 llerwerden
685 5022 810 5077 ldusmos.
828 5024 861 5074 21
878 5040 902 5090 p.
920 5024 969 5075 285
987 5039 1026 5092 sq.
