4234 6059
1149 729 1200 808 dl

525 964 726 1036 hemichoria
764 967 899 1033 chorum
935 965 1047 1034 dividi.
1094 965 1192 1034 Unde
1229 973 1340 1034 tamen
1374 968 1459 1034 hano
1495 968 1665 1035 scientiam
1702 967 1817 1038 hausit

525 1104 759 1172 Aristarchus?
804 1103 1002 1171 Rectissime
1036 1126 1066 1170 v.
1103 1103 1268 1170 Laeurren
1301 1103 1471 1172 contendit
1496 1104 1596 1169 schol.
1623 1103 1664 1170 ad
1689 1127 1720 1173 v.
1745 1108 1814 1171 372

525 1260 696 1329 perperam
730 1238 807 1304 huic
842 1260 888 1304 vs.
925 1237 1125 1327 adscriptum
1161 1260 1233 1306 essa
1267 1238 1367 1327 idque
1399 1241 1564 1350 pertinme
1596 1239 1638 1305 ad
1661 1263 1708 1306 vs.
1735 1243 1812 1308 370.

524 1376 618 1442 Haec
655 1380 765 1440 tamen
800 1395 875 1440 cnm
910 1374 1010 1440 schol.
1048 1374 1090 1440 ad
1123 1396 1169 1442 rs.
1203 1378 1267 1441 354
1293 1376 1469 1442 cohaerere
1493 1375 1539 1442 sic
1564 1398 1631 1441 non
1655 1358 1810 1464 possunt,

524 1510 588 1576 nisi
618 1511 691 1599 quis
721 1509 912 1576 Aristarcho
945 1509 1086 1575 absurde
1114 1510 1261 1576 affricare
1285 1511 1382 1595 velit,
1409 1532 1484 1576 aum
1508 1511 1601 1577 chori
1623 1513 1710 1597 parti
1734 1533 1811 1577 ana·

523 1651 655 1735 paastos
690 1645 853 1711 tribuisse.
900 1644 1038 1710 Hiatum
1074 1646 1108 1710 in
1143 1646 1243 1712 schol.
1275 1645 1317 1711 ad
1349 1667 1395 1712 vs.
1430 1648 1494 1711 354
1526 1652 1601 1734 post
1631 1647 1806 1727 μεμερίσθαι

523 1787 669 1848 statuere
705 1801 838 1846 necasse
874 1784 942 1865 ast,
978 1785 1016 1845 ut
1053 1780 1238 1847 exciderint
1267 1781 1335 1848 lere
1368 1803 1451 1870 quae
1475 1782 1560 1849 Ven.
1586 1781 1741 1868 exhibet,
1766 1804 1810 1848 ex

523 1915 714 1983 Laeuuenii
743 1917 935 2002 conjectura
967 1917 1130 1986 restituta.
1159 1955 1199 1966 -
1225 1917 1444 2004 Opponuntnr
1467 1917 1554 1984 inter
1578 1939 1612 1984 se
1637 1919 1809 1984 universus

524 2053 641 2117 chorus
676 2057 710 2118 et
744 2051 834 2117 chori
871 2051 958 2137 dux,
991 2073 1058 2118 non
1091 2052 1181 2118 chori
1211 2059 1339 2141 partes,
1372 2052 1467 2139 quod·
1484 2052 1684 2119 luculentius
1708 2055 1809 2121 etiam

523 2193 652 2277 pateret
688 2187 797 2254 deleto
822 2209 891 2254 voc.
915 2185 998 2265 daco,
1036 2188 1124 2274 quod
1148 2194 1222 2277 post
1245 2189 1345 2256 schol.
1371 2189 1412 2254 ad
1436 2211 1484 2256 vs.
1510 2191 1574 2254 354
1599 2189 1807 2256 decurtatum

523 2325 672 2391 additum
703 2345 775 2392 esse
807 2329 926 2411 potest.
963 2360 1002 2372 -
1036 2323 1090 2390 Ad
1122 2346 1168 2390 vs.
1202 2327 1266 2390 372
1292 2330 1420 2391 tantum
1444 2325 1653 2392 retinendum
1677 2325 1808 2392 ridetur

523 2460 611 2547 quod
635 2459 772 2527 exhibet
794 2459 896 2526 Rau:
921 2460 945 2524 oi
968 2465 1019 2525 τοῦ
1042 2465 1129 2541 χοροῦ
1152 2459 1265 2538 μύσται
1290 2463 1431 2537 αλλήλοις
1456 2462 1718 2542 παρακελεύονται.

568 2596 673 2662 Schol.
706 2594 749 2660 ad
771 2615 815 2662 os,
840 2596 907 2659 397
929 2595 1054 2680 (Ddbn.
1081 2617 1112 2683 p.
1139 2596 1203 2661 287
1227 2596 1258 2661 b.
1287 2598 1341 2681 ll)
1365 2597 1555 2674 μεμαγμένας
1581 2599 1662 2675 λέγει
1688 2597 1729 2660 τοὶ
1752 2598 1806 2673 μὲν

522 2731 591 2812 πρὸς
616 2733 664 2796 τὸν
687 2730 808 2811 Ζαγρέα
829 2730 964 2810 Ἴακχον,
991 2731 1030 2795 τοὶ
1054 2731 1084 2796 δὲ
1108 2731 1175 2811 πρὸς
1199 2731 1248 2797 τὶν
1271 2732 1414 2797 Διόνυσον.

567 2866 660 2933 Haec
677 2848 846 2933 nominum
862 2867 1050 2953 conjunctio
1067 2888 1245 2954 nusquam,
1269 2865 1489 2954 quodecim,
1512 2866 1680 2932 invenitur
1696 2888 1803 2954 neque

522 3002 727 3069 admittenda
757 3001 897 3070 ridetur.
945 3003 1045 3068 'Peste
1084 3003 1228 3090 Hesyoh.
1255 3025 1279 3070 s.
1305 3025 1334 3070 v.
1359 3002 1491 3082 Ζαγρεύς
1522 3002 1584 3068 hoo
1609 3003 1803 3090 cognomine

521 3140 748 3230 appellabatur
782 3141 795 3204 ὁ
826 3139 935 3220 χθόνιος
969 3139 1114 3212 Διόνυσος.
1163 3139 1227 3205 Ηία
1250 3140 1352 3226 igitur
1375 3160 1394 3204 a
1417 3139 1553 3218 Iaccho,
1579 3138 1716 3224 mystico
1741 3136 1803 3204 deo

520 3275 760 3342 Eleusiniorum
774 3275 815 3360 ¹),
846 3275 903 3361 qui
926 3296 946 3340 a
968 3275 1164 3340 clamoribus
1189 3276 1279 3362 orgia
1302 3275 1525 3358 celebrantum
1547 3293 1668 3341 nomen
1692 3273 1802 3358 duxit,

520 3411 771 3498 distinguendus
795 3416 855 3477 est.
880 3410 1177 3499 Transponandum
1201 3417 1268 3478 ost:
1283 3464 1289 3480 .
1307 3465 1314 3480 .
1329 3461 1359 3480 ..
1384 3411 1424 3476 ταὶ
1439 3411 1494 3490 μὲν
1510 3411 1578 3490 πρὸς
1594 3409 1641 3476 τὸν
1660 3409 1800 3490 Ἴακχον,

519 3549 560 3613 τοὶ
583 3548 612 3612 δὲ
634 3547 703 3628 πρὸς
728 3547 777 3612 τὸν
802 3546 924 3625 Ζαγρεά
949 3546 1086 3612 Διόνυσον
1102 3549 1138 3633 2).

565 3682 668 3750 schol.
692 3682 772 3749 Bao.
796 3682 840 3748 ad
862 3705 906 3749 oo.
930 3685 994 3748 401
1021 3684 1133 3757 hattho
1158 3683 1234 3750 c‘dc's:
1259 3683 1368 3764 εἴρηται
1390 3683 1450 3764 γαρ
1474 3680 1516 3748 ὅτι
1541 3681 1573 3759 ἐξ
1587 3682 1692 3754 ἄστεος
1708 3681 1798 3762 μέχρι

518 3822 680 3892 Ἐλευσῖνος
704 3818 865 3899 πορεύεται.

561 3954 620 4021 Vs.
656 3956 721 4019 402
757 3959 867 4020 autem
903 3954 1006 4020 Ruth.
1051 3952 1207 4018 adscribit
1241 3974 1324 4040 quae
1356 3953 1390 4019 in
1422 3953 1493 4020 cod.
1525 3953 1720 4040 legebantur
1759 3952 1800 4020 ad

517 4111 565 4156 vo.
607 4091 689 4155 400:
730 4088 799 4156 sirau
838 4091 939 4156 πόνους
975 4095 1058 4154 τοῦτο
1095 4088 1157 4153 ἐπεὶ
1192 4088 1331 4155 ὁδεύουσιν
1365 4091 1425 4156 απὸ
1461 4095 1511 4155 τοῦ
1546 4094 1725 4169 Κεραμεικοῦ
1761 4088 1799 4161 εἷς

517 4223 672 4290 Ἐλευσῖνα
703 4224 924 4306 προπέμποντες
954 4226 1004 4290 τὸν
1034 4223 1178 4290 Διόνυσον.
1225 4223 1385 4290 Attamen
1409 4224 1539 4290 scholiis
1563 4223 1610 4290 ila
1634 4221 1799 4311 dispositis

517 4360 618 4427 verba
655 4358 763 4442 εἴρηται
798 4361 858 4440 γὰρ
892 4360 1002 4427 locum
1038 4381 1133 4426 suum
1168 4380 1235 4426 non
1270 4365 1394 4427 tenent.
1451 4360 1492 4425 In
1526 4357 1799 4449 praecedentibus

517 4497 604 4563 enim
627 4495 771 4584 itineris,
796 4495 884 4585 quod
910 4501 1091 4584 mystorum
1114 4517 1235 4585 pompa
1259 4496 1419 4572 conficere
1443 4495 1544 4581 solet,
1569 4494 1692 4562 montio
1713 4494 1799 4560 facta

521 4754 768 4768 ..Μ

548 4959 577 5025 ο)
595 4959 632 5012 cc
650 4961 732 5012 schor.
749 4962 782 5012 ae
799 4975 836 5012 vs.
855 4956 915 5026 aas,
933 4957 990 5012 ma

547 5052 576 5118 2)
592 5050 629 5131 ilc
646 5054 759 5122 Dionyso
775 5055 872 5122 Zagreo
889 5056 922 5107 cf.
939 5054 1040 5106 Prcller
1058 5053 1076 5104 1.
1094 5053 1111 5104 l.
1130 5054 1154 5102 Ι*
1172 5069 1197 5118 p.
1215 5049 1277 5118 685,
1297 5050 1358 5118 705,
1377 5051 1409 5104 de
1428 5053 1522 5106 laccho
1539 5053 1574 5105 ih.
1591 5068 1616 5117 p.
1636 5045 1685 5102 792
1703 5063 1762 5117 sqq.
