4234 6059
1143 722 1185 795 lc

524 942 693 1043 proprium
715 947 804 1041 quod
825 948 981 1037 inseruit,
1005 970 1045 1018 oo
1071 970 1152 1038 opus
1172 952 1243 1017 erat
1259 948 1336 1037 quia
1352 948 1467 1017 ultima
1482 949 1677 1037 Hellanico,
1695 973 1808 1039 quem·

525 1091 603 1155 aute
633 1106 776 1178 pugnam
807 1082 895 1176 apud
925 1084 1108 1173 Arginusas
1132 1084 1200 1153 rita
1226 1082 1416 1153 defunctum
1435 1086 1506 1173 Jam
1530 1106 1603 1153 esse
1628 1087 1807 1154 verisimile

524 1222 625 1308 ew),
651 1220 751 1290 tdbui
774 1225 953 1309 nequeunt.
988 1220 1148 1287 Attamen
1172 1240 1293 1287 noman
1316 1219 1506 1289 Philochori
1528 1220 1689 1288 insertum
1716 1220 1806 1288 nullo

524 1363 718 1447 argumento
741 1356 943 1425 corroborari
965 1359 1085 1445 potest.
1121 1355 1237 1445 Neque
1252 1354 1397 1441 felicius,
1421 1376 1473 1423 me
1484 1355 1608 1443 judice,
1633 1355 1804 1422 Fritasohe

523 1499 717 1565 contextum
750 1492 925 1560 restituere
959 1496 1096 1559 conatus
1131 1493 1199 1577 est,
1234 1490 1290 1578 qui
1325 1512 1385 1579 pro
1417 1490 1590 1565 Ἑλλάνικος
1621 1491 1688 1577 legi
1709 1490 1807 1577 jubet

524 1630 700 1715 Φιλόχορος,
730 1626 845 1695 eadem
877 1627 1029 1694 nlmirum
1062 1626 1216 1717 opinione
1247 1625 1289 1693 da
1320 1625 1573 1695 Plataeenaibus
1604 1625 1639 1692 in
1664 1647 1808 1693 errorem

523 1757 686 1835 inductus.
711 1802 753 1815 -
777 1762 873 1831 Licet
896 1762 1122 1829 difficillimum
1146 1762 1189 1829 sit
1213 1782 1339 1829 errores
1362 1760 1649 1849 grammaticorum
1674 1762 1709 1827 in
1727 1762 1808 1827 locis

523 1900 667 1989 graviter
690 1899 849 1967 mutilatis
871 1897 1073 1987 investigare
1097 1916 1204 1985 neque
1220 1917 1350 1988 semper
1365 1895 1470 1985 prima
1485 1897 1692 1985 corruptelae
1710 1918 1810 1964 causa

524 2034 661 2103 indicari
693 2034 815 2124 possit,
849 2033 903 2101 bic
933 2038 1045 2099 tamen
1078 2031 1297 2121 suspicionem
1325 2031 1470 2121 prolerre
1494 2030 1611 2099 audeo.
1648 2032 1809 2099 Proxime

524 2170 567 2239 ad
596 2169 811 2259 archetypum
842 2167 1002 2235 scholium
1033 2166 1190 2237 accedere
1220 2166 1391 2258 probabile
1422 2167 1502 2235 mibi
1537 2166 1686 2253 videtur,
1720 2166 1809 2254 quod

524 2305 662 2397 praebet
689 2304 762 2375 cod.
792 2304 878 2373 Ven.
910 2302 952 2371 ad
983 2325 1047 2373 sss.
1073 2305 1139 2369 692
1162 2324 1251 2391 sqq.,
1282 2324 1302 2371 a
1325 2302 1409 2371 Rau.
1435 2302 1600 2369 omissum.
1635 2301 1703 2369 Ubi
1727 2302 1810 2369 haec

523 2440 696 2529 leguntur:
734 2439 832 2514 ἐπειδὴ
862 2438 930 2513 rob,-
960 2440 1274 2521 συννκυμαχῆσαντας
1306 2438 1421 2513 δούλους
1462 2436 1622 2519 ἐλευθέρους
1657 2436 1810 2514 ἐποίησαν.

524 2575 574 2643 καὶ
608 2578 768 2647 Πλαταιᾶς
799 2574 830 2639 δὲ
859 2571 941 2641 εἶπεν
970 2576 1007 2648 ὥς
1037 2574 1088 2641 καὶ
1113 2579 1169 2641 τῶν
1192 2571 1368 2641 Πλαταιέων
1391 2572 1527 2654 cibiraton
1553 2572 1712 2652 ἐλευθέρους
1738 2574 1806 2646 τοὺς

524 2711 834 2791 συνναυμαχήσαντις
868 2709 932 2792 arpi
966 2716 1143 2787 arraona.
1198 2708 1290 2787 Quae
1327 2707 1497 2776 annotatio
1532 2729 1552 2773 a
1588 2708 1804 2794 grammatico

525 2842 635 2912 nescio
677 2865 742 2932 quo
781 2844 984 2933 locupletata
1024 2843 1175 2929 ridetur,
1214 2842 1270 2931 qui
1314 2842 1455 2909 auctoris
1499 2862 1620 2909 nomen
1665 2841 1806 2912 addidit.

526 2979 652 3058 Quibus
694 2977 812 3047 deinde
854 2999 1024 3069 perperam
1063 2978 1098 3045 in
1136 2979 1259 3045 scholio
1294 2978 1482 3067 insequenti
1524 2977 1664 3066 receptis
1705 2983 1805 3066 atque

524 3116 635 3204 priore
659 3115 782 3182 scholio
806 3114 947 3201 omisso,
972 3115 1089 3181 tertius
1115 3118 1290 3181 annotator
1313 3115 1437 3181 insulsa
1459 3113 1516 3180 illa
1539 3113 1678 3200 adjecit:
1703 3112 1811 3191 διεξιὼν

524 3252 565 3319 τὰ
601 3252 649 3317 ἐπὶ
680 3251 861 3330 Ἀντιγένους
894 3267 982 3338 ara,
1017 3255 1054 3317 ut
1091 3271 1172 3339 quor
1207 3271 1319 3349 servos
1361 3249 1520 3317 scholium
1558 3250 1713 3338 opinione
1748 3270 1809 3315 sua

525 3386 640 3474 vellet,
672 3385 842 3453 indicaret.
889 3385 986 3453 Nunc
1018 3386 1118 3453 etiam
1148 3392 1241 3475 patet
1264 3386 1320 3475 qui
1344 3384 1533 3454 verbatim}
1557 3390 1608 3451 τοῦ
1632 3388 1808 3460 Πλαταιὰς

525 3526 559 3587 et
583 3519 806 3603 Καλλίστρατός
829 3529 919 3603 φησιν
943 3535 1010 3587 κτλ.
1034 3526 1103 3587 tem
1127 3521 1244 3589 mirum
1269 3522 1304 3589 iu
1321 3521 1453 3588 modum
1471 3520 1601 3608 sejungi
1618 3522 1807 3609 potuerint,

525 3678 546 3723 a
574 3656 659 3727 Rar.
690 3659 801 3724 autem
836 3677 969 3747 prorsus
1003 3657 1123 3724 omissa
1157 3657 1232 3724 sint.
1266 3696 1307 3709 -
1336 3658 1442 3735 Quam
1465 3656 1670 3744 corruptelae
1694 3658 1808 3746 expla-

524 3791 692 3859 nationem
734 3797 857 3859 certam
899 3812 971 3858 esse
1013 3792 1148 3860 minime
1191 3792 1374 3879 contendo,
1414 3790 1681 3880 probabilitatem
1726 3813 1806 3859 vero

524 3926 688 4014 quandam
710 3927 832 3997 habere
857 3928 982 4017 opinor.
1017 3928 1095 4016 Ipsa
1118 3933 1229 3997 tamen
1252 3927 1372 3995 codicis
1397 3928 1480 3994 Rav.
1505 3925 1606 3992 verbe
1630 3928 1805 3994 restituere

529 4062 738 4149 supersedeo.

571 4194 666 4272 Quod
694 4196 736 4265 ed
758 4218 803 4265 os.
829 4200 893 4265 693
918 4198 1243 4286 interpretationem,
1276 4220 1297 4267 a
1319 4198 1541 4285 Kirchhoffio,
1565 4197 1618 4264 oui
1641 4219 1673 4266 r.
1699 4198 1809 4264 Laeu-

525 4351 599 4399 wen
627 4330 856 4421 adstipulatur,
881 4339 915 4400 et
938 4355 958 4399 a
980 4332 1109 4401 Koclrio
1140 4356 1245 4426 aeque
1277 4334 1444 4403 dissentio.
1481 4336 1600 4403 Servos
1624 4354 1712 4400 anuo
1737 4336 1805 4399 406

524 4465 678 4533 libertate
702 4465 841 4535 donatos
864 4489 967 4536 noros
990 4468 1078 4536 cives
1101 4468 1282 4559 adscriptos
1298 4490 1369 4537 esso
1386 4470 1660 4555 Plataeenuibus,
1686 4469 1807 4557 quibus

528 4602 768 4684 Athenienses,
804 4623 877 4671 cum
909 4607 984 4693 post
1007 4604 1122 4673 urbem
1146 4601 1288 4674 dirutam
1311 4627 1399 4674 anuo
1423 4608 1488 4673 428
1505 4608 1532 4694 2)
1555 4605 1705 4672 Athenas
1728 4626 1807 4673 oon·

559 4936 588 5002 l)
605 4938 637 4991 Δ.
654 4937 722 4990 Gelli
740 4937 774 4989 N.
792 4938 822 4989 a,
839 4937 908 4989 XIV.
927 4936 973 5003 233
991 4939 1126 4991 Fritascha
1143 4940 1171 4991 in
1189 4938 1337 4992 flammant.

559 5031 588 5098 2)
607 5030 691 5084 Thuc.
708 5031 757 5083 111.
773 5029 815 5083 68.
