4234 6059
934 711 999 791 'm

338 959 427 1018 recte
458 956 569 1017 tamen
599 950 707 1015 locum
737 948 973 1036 interpretatus
1006 949 1049 1013 sit
1072 947 1266 1034 scholiasta,
1291 969 1487 1035 quamquam
1509 954 1620 1036 partes

336 1088 423 1152 bene
447 1085 613 1161 dividens,
640 1106 680 1151 ex
703 1084 792 1150 hisce
816 1083 924 1150 verbis
948 1083 1033 1149 effici
1056 1084 1182 1169 nequit.
1211 1083 1309 1149 Falsa
1326 1103 1404 1149 vero
1422 1088 1517 1167 sunt,
1534 1105 1618 1170 quae

337 1222 447 1287 statim
471 1225 654 1307 sequuntur
670 1220 727 1305 (ib.
745 1222 813 1305 33),
836 1225 925 1284 reete
941 1224 1073 1303 contra,
1098 1219 1131 1283 in
1149 1239 1360 1305 personarum
1377 1219 1493 1285 saltem
1511 1218 1621 1284 distri·

339 1356 492 1440 butione‚
528 1378 563 1422 se
587 1356 687 1421 hahet
711 1356 827 1420 ultima
850 1355 1035 1420 sententia:
1068 1356 1099 1418 ού
1124 1354 1264 1436 φροντίζω
1288 1354 1360 1435 φησὶ
1385 1353 1439 1418 κύον
1462 1356 1551 1436 aaa
1578 1353 1621 1418 tu

338 1490 485 1576 ύμιιριεν,
509 1491 566 1558 ubi
591 1491 728 1557 fortasse
752 1490 924 1570 ἥμαρτον
948 1488 1174 1576 reponendum
1198 1494 1258 1555 est.

382 1626 487 1695 Schol.
512 1626 593 1694 Bao.
617 1626 670 1694 ad.
694 1646 737 1693 οο.
761 1626 862 1690 1144.
886 1624 1029 1703 ἕριούνιον;
1056 1623 1125 1702 πρὸς
1148 1626 1199 1698 τὴν
1224 1623 1345 1703 ἐκδοχὴν
1368 1630 1419 1689 τοῦ
1436 1623 1559 1703 ἐριούνιος
1578 1620 1621 1688 ύτι

337 1764 388 1828 οὐκ
411 1764 504 1840 ύρύῶς.

382 1896 642 1966 Rutherfordum
677 1897 712 1961 in
748 1896 962 1962 annotatione
1000 1896 1196 1961 scholiastae
1232 1900 1375 1961 mentam
1410 1894 1616 1982 perspexisse

336 2053 529 2121 persuasum
561 2031 640 2096 mihi
670 2036 736 2116 est,
767 2031 802 2095 in
833 2032 950 2096 lacuna
982 2035 1092 2096 tamen
1121 2029 1296 2095 statuenda
1320 2029 1361 2095 ab
1385 2050 1424 2095 eo
1450 2028 1618 2096 dissentio.

337 2166 428 2233 Nihil
451 2168 486 2231 in
509 2167 574 2232 fine
600 2165 814 2232 desideratur.
846 2166 1009 2232 Cohaeret
1032 2166 1095 2230 hoc
1119 2165 1277 2231 scholium
1301 2186 1375 2230 oum
1396 2185 1516 2250 magna
1531 2165 1619 2229 iuter

337 2308 467 2368 veteres
502 2300 543 2369 de
578 2301 666 2367 vocis
702 2302 827 2382 ἐριούνιος
863 2322 961 2367 sensu
998 2301 1226 2389 discrepantia.
1275 2301 1516 2366 Annotatorem
1552 2300 1619 2385 (qui

338 2459 402 2505 vss.
429 2438 514 2503 1145
546 2443 622 2525 post
651 2441 760 2516 Ἑρμῆν
791 2436 918 2523 virgula
940 2437 1078 2503 fortasse
1104 2436 1269 2522 distinxit)
1294 2457 1334 2502 ex
1357 2436 1397 2500 iis
1420 2434 1539 2519 fuisse,
1563 2434 1619 2519 qui

340 2573 561 2661 explicarent:
584 2573 708 2659 ύνοιούς,
725 2575 868 2651 μεροὶιως
885 2574 1009 2654 ὀνίσκον,
1027 2573 1238 2639 manifestum
1255 2577 1315 2658 est3
1334 2572 1522 2658 obloquitur
1535 2569 1617 2655 aliis,

340 2709 396 2795 qui
426 2710 551 2788 ἐριούνιος
583 2714 617 2775 et
645 2710 757 2789 χθόνιος
786 2708 875 2774 idem
904 2708 1140 2796 propemodum
1172 2708 1355 2794 significare
1378 2707 1550 2795 putabant.
1575 2706 1617 2773 of,
1724 2769 1729 2779 Ι

344 2865 428 2929 quae
452 2844 547 2910 affert
571 2843 759 2909 testimonia
782 2843 926 2930 Blaydes
948 2845 984 2909 in
1007 2842 1191 2909 Oomment.

385 2978 488 3046 Schol.
513 2979 593 3043 Bao.
618 2978 662 3043 ad
683 3000 727 3046 vs,
751 2981 840 3043 1149
863 2980 884 3046 i.
909 2980 931 3044 f.
963 2979 1030 3058 πρὸς
1063 2980 1172 3056 ιιοιτρὸς
1204 2977 1418 3057 τυροβοιρύχοςῑ
1456 2974 1508 3041 οἷον
1542 3002 1620 3053 τυμ-

340 3114 475 3194 βωρύχος
499 3114 617 3192 οινοτρύς.

386 3249 439 3315 Sic
470 3250 574 3316 Ruth.
605 3271 648 3315 ex
679 3252 885 3337 conjectura3
917 3272 1089 3339 perperam
1120 3252 1190 3315 sine
1223 3249 1334 3315 dubio.
1369 3250 1474 3315 Recte
1507 3252 1619 3314 autem

340 3383 439 3449 Dind.
464 3390 497 3450 et
521 3384 631 3450 Dubn.
649 3384 736 3470 quod
753 3406 865 3451 omnes
882 3385 1010 3452 codices
1027 3386 1187 3452 exhibent
1203 3390 1392 3452 servarunt:
1418 3384 1616 3463 ινιιβιιρύχον

339 3519 465 3598 καιρός,
491 3520 511 3587 i.
537 3540 565 3585 e.
590 3520 678 3603 filius
696 3522 807 3605 patris
834 3521 991 3607 ύιιοοὶνοροιΙ
1012 3489 1247 3607 (ἱνύιόοἰιιοιοίύ)Ι
1266 3542 1393 3586 munera
1406 3522 1480 3605 jam
1503 3520 1615 3605 [uncti.

339 3653 464 3720 Eodem
489 3654 586 3720 modo
610 3655 672 3719 hoo
697 3654 820 3720 dictum
845 3661 1017 3743 astatque
1042 3678 1069 3724 e.
1093 3679 1123 3743 g.
1148 3660 1297 3731 Ἀθννιιῖος
1322 3656 1390 3736 πρὸς
1415 3656 1537 3735 ποιτρύς.

386 3790 489 3857 Schol.
520 3790 601 3857 Roo.
633 3790 677 3855 ad
707 3812 751 3855 oa.
776 3794 876 3855 1150.
913 3792 1032 3856 Διύνυοε
1070 3793 1158 3863 πίνεις
1198 3787 1266 3855 οἶνον
1301 3806 1387 3856 aaa:
1423 3786 1621 3865 ciceastriae.

340 3923 440 3991 schol.
465 3926 568 3992 Van:
593 3921 647 3990 οἷον
671 3933 839 4009 sparseras
864 3926 913 3989 κού
938 3935 1051 4010 ληρεῖς,
1075 3926 1195 4005 σκληρὸν
1219 3923 1288 3991 οἶνον
1312 3928 1381 3990 πιὼν
1406 3940 1471 3989 ura.

350 4044 353 4050 ¹
385 4060 439 4126 Ad
463 4066 589 4127 textum
614 4066 762 4126 nostrum
786 4061 865 4126 satis
889 4062 971 4128 mira
994 4062 1075 4127 haec
1092 4061 1171 4126 mihi
1187 4061 1359 4147 videntum
1385 4065 1513 4150 tempus
1530 4081 1621 4147 prae·

341 4196 475 4261 teritum
499 4196 585 4284 apud
609 4201 739 4293 poetam
764 4197 1018 4283 exspectaveris.
1056 4196 1262 4285 Quapropter
1279 4196 1486 4262 scholiastam
1503 4196 1620 4283 legisse

340 4310 504 4417 suspicorr
529 4331 643 4397 Διόνυς’
668 4332 799 4403 ἔπινες
822 4327 889 4396 οἶνον
913 4349 980 4398 κιοι.
1010 4333 1132 4399 Vinum
1150 4332 1237 4397 enim
1252 4353 1448 4419 generosum
1465 4353 1502 4398 ae
1521 4353 1620 4398 suave

341 4487 407 4530 non
438 4467 486 4531 ita
515 4466 610 4532 facile
641 4466 835 4532 ebrietatem
859 4466 945 4553 parit
968 4473 1068 4553 atque
1091 4488 1207 4555 vappa.
1232 4505 1276 4517 -
1299 4468 1385 4533 Utut
1409 4473 1477 4551 est,
1506 4467 1622 4532 scholi·

341 4607 446 4665 astam
478 4601 634 4688 Aeschyli
665 4604 796 4688 jocum,
832 4623 896 4689 quo
932 4602 1029 4668 deum
1065 4603 1133 4668 vini
1164 4608 1338 4690 patronum
1369 4603 1522 4690 petebat,
1554 4623 1621 4667 non

341 4735 466 4822 cepisse
489 4741 630 4804 constat.

386 4869 434 4935 Ib.
459 4871 584 4957 (Dubn.
607 4895 639 4959 p.
666 4876 730 4938 306
754 4872 785 4940 b.
811 4874 845 4958 2)
869 4874 1027 4950 οὶνύοομίοος
1051 4873 1080 4937 δὲ
1104 4874 1246 4957 ύεύιύδορς,
1272 4873 1438 4950 ἐγκειμένου
1455 4878 1505 4938 τού
1521 4869 1620 4942 ύινύοος

342 5004 391 5074 κού
414 5012 466 5084 τῆς
489 5008 592 5086 δομῆς.
618 5008 665 5071 axi
690 5010 795 5091 γέγονε
819 5014 999 5092 ποοροὶριορον
1025 5010 1176 5091 οξνύύομιος
1201 5011 1249 5079 aa}
1274 5010 1443 5091 οξνύοομίοις,
