4234 6059
965 722 1008 785 55

346 965 419 1010 oum
443 942 607 1029 adjectivo
630 943 753 1027 νύττον,
777 964 843 1010 non
867 942 1052 1009 derivatum
1083 964 1103 1009 a
1134 943 1341 1011 substantivo
1365 944 1468 1022 alara.
1494 947 1534 1011 ol.
1558 947 1626 1011 ὑπό-

345 1096 458 1152 aaaron.
487 1079 642 1145 Ooterum
664 1079 766 1145 Ruth.
792 1084 984 1145 contextum
1007 1084 1097 1145 reete
1114 1080 1297 1146 restituisse
1313 1082 1439 1168 opinor,
1458 1082 1520 1148 etsi
1538 1082 1626 1169 quod

344 1215 386 1281 ad
409 1215 589 1301 sequentia
604 1214 637 1279 id
660 1236 719 1302 pro
743 1220 832 1281 oerto
857 1235 923 1280 non
946 1214 1185 1281 affirmaverim.
1213 1214 1327 1282 Edidit
1347 1217 1488 1285 soilioot:
1513 1219 1623 1293 νύτπνι

344 1352 577 1428 Κωλλίοτροιτοι·
612 1348 776 1424 (biorn)
798 1348 911 1430 ύνριῒιον
935 1349 1043 1414 λεπτὸν
1067 1350 1190 1432 νφύδοοι·
1216 1350 1275 1432 τύψ’
1298 1348 1331 1415 οὗ
1354 1353 1404 1416 κού
1428 1353 1451 1417 οἱ
1475 1354 1515 1417 rai
1538 1353 1626 1433 ἰσχύοι

344 1487 445 1552 λεπτοὶ
477 1485 725 1562 ι.ιοπο’<τννο>,
759 1485 908 1562 λέγοντων.
958 1485 1011 1550 An
1041 1484 1128 1551 'forto
1152 1490 1302 1559 extrema
1323 1485 1409 1552 huno
1432 1485 1467 1552 in
1491 1487 1624 1553 modum

342 1620 575 1689 constituenda
597 1626 779 1687 sunt:....
803 1622 826 1684 oi
850 1623 890 1686 τύι
914 1622 1002 1701 ἰσχύοι
1026 1623 1128 1687 λεπτοὶ
1155 1623 1303 1687 λύοπονι
1327 1621 1488 1699 terrorerl
1523 1622 1623 1710 Apud

344 1757 435 1824 Suid.
470 1757 558 1823 enim
592 1762 627 1821 et
658 1755 804 1843 Hesyob.
844 1754 925 1821 duos
960 1748 1049 1821 loeos
1084 1756 1215 1841 inveni,
1247 1755 1305 1821 ubi
1328 1758 1492 1844 expressis
1516 1758 1624 1824 verbis

343 1892 509 1974 homines,
535 1912 617 1978 quos
636 1890 795 1956 Horatius
811 1889 840 1980 l)
864 1890 999 1977 dapuqea
1022 1890 1189 1977 nominat,
1214 1912 1330 1977 graooe
1352 1892 1451 1957 otiam
1474 1892 1623 1964 λύοντας

343 2027 505 2095 audivisse
542 2026 692 2113 legimus.
729 2025 820 2093 Suid.
845 2047 869 2091 s.
895 2048 926 2092 r.
962 2029 1060 2091 ιιιότοι
1090 2026 1172 2092 haeo
1204 2025 1409 2096 babetz....
1433 2027 1571 2103 πένονται
1595 2027 1624 2091 δὲ

342 2164 391 2229 κού
431 2164 455 2227 οἱ
496 2162 639 2236 ’Λύννοιῖοι
682 2162 847 2233 ἒπιύετινιῶς
885 2163 1010 2245 iterat,
1048 2160 1097 2225 διοὶ
1135 2161 1169 2225 τύ
1183 2212 1189 2227 .
1204 2210 1211 2227 .
1225 2208 1255 2226 ..
1294 2161 1496 2237 οὶπονλούτοιις
1534 2156 1623 2240 εἶνοιι,

342 2297 486 2385 Hesyeh.
513 2318 538 2363 s.
563 2318 594 2364 v.
629 2296 754 2363 λύοπονι;
789 2297 813 2359 οἱ
847 2294 1102 2376 ἠκρωτηριασμένοι
1136 2294 1177 2359 τοὶ
1201 2296 1281 2361 νύτω
1305 2297 1387 2373 aian.
1424 2296 1539 2383 Neque
1564 2318 1623 2384 per

342 2455 377 2499 se
412 2438 595 2521 spectatum
631 2431 847 2520 improbabile
883 2436 932 2498 est
967 2430 1116 2496 homines
1139 2430 1328 2517 hujusmodi
1352 2432 1495 2518 eorporis
1518 2432 1623 2519 figura

341 2568 507 2657 praeditos
542 2567 702 2633 bestiolae
737 2566 907 2653 eujusdam
943 2567 1075 2636 nomine
1111 2567 1292 2654 appellatos
1325 2567 1442 2652 fuisse,
1476 2568 1510 2632 id
1534 2566 1620 2654 quod

341 2704 439 2771 hodie
463 2725 591 2790 quoque
615 2704 685 2769 fieri
710 2703 811 2786 solet,
843 2702 945 2767 sicui
970 2701 1144 2788 singularis
1168 2702 1236 2768 sive
1260 2702 1404 2790 eorporis
1429 2702 1496 2767 sive
1521 2701 1621 2767 animi

342 2838 519 2917 similitudo
544 2858 618 2903 eum
643 2837 775 2903 animali
800 2841 860 2903 est.

385 2975 491 3042 Schola
515 2976 597 3043 Rev.
621 2975 664 3039 ad
686 2995 729 3041 ee.
754 2975 831 3039 833.
867 2973 1129 3049 &retransmittat
1154 2972 1220 3037 οὶντὶ
1244 2976 1294 3036 τού
1315 2972 1481 3036 οὶπονοεῖτοιι
1497 2977 1619 3036 σιωπῶν.

385 3109 571 3176 Prudenter
605 3109 687 3174 nihil
722 3112 932 3174 mutaverunt
965 3106 1127 3191 editores,
1168 3127 1364 3193 quamquam
1396 3106 1465 3192 jam
1495 3105 1620 3171 Kuster

339 3246 447 3311 loeum
481 3245 632 3329 vexavit,
669 3245 724 3331 qui
758 3243 935 3329 legendum
970 3263 1059 3307 esse:
1099 3243 1292 3327 ᾖε’πινοεῑτννι,
1315 3240 1498 3325 meditetur,
1521 3248 1621 3305 meato

339 3381 455 3447 volvit”
491 3380 674 3467 suspicatus
709 3384 769 3461 est.
818 3378 905 3444 Satis
941 3378 1028 3444 enim
1063 3377 1197 3463 vulgata
1231 3375 1419 3443 defenditur
1441 3376 1503 3442 hoo
1526 3377 1618 3460 loco,

340 3517 427 3583 Plut.
453 3515 519 3582 Sol.
544 3538 572 3583 o.
597 3518 662 3581 31:
697 3515 745 3580 ἐπὶ
781 3514 892 3585 τούτοις
920 3513 949 3578 δὲ
973 3519 1089 3578 πολλῶν
1114 3513 1314 3579 νουθετούντων
1338 3511 1426 3579 οιύτύν
1449 3514 1485 3583 ὥς
1508 3512 1619 3577 ύπούοι-

339 3652 471 3729 νούμενον
493 3650 548 3727 ὑπὸ
572 3656 623 3716 τοῦ
643 3650 777 3729 πνροὶννου
793 3647 841 3713 κού
862 3648 1089 3732 πυνθανομένων,
1110 3650 1162 3713 τίνι
1179 3647 1323 3714 πιστεύων
1338 3647 1425 3719 οὕτως
1441 3649 1618 3725 ύπονοεῖτοιι,

339 3790 390 3868 Τῷ
424 3788 519 3869 γήρᾳ,
555 3781 644 3851 εἶπεν.
691 3785 868 3851 Praeterea
904 3784 943 3851 of.
980 3784 1060 3851 Zon.
1087 3806 1111 3849 s.
1136 3805 1166 3848 r.
1202 3781 1342 3847 ύτύνοινε
1382 3781 1483 3860 ύνοιοι,
1519 3778 1618 3865 ὕβρις,

340 3922 484 4009 Hesyeb.
509 3941 537 3989 s.·
559 3942 589 3987 v.
622 3920 740 3985 ύπύνοιοι
763 3921 859 4003 (corr.
883 3919 1082 4004 οὶπύνοιοι)ε
1117 3919 1322 3998 euronotum,
1354 3916 1470 3994 ύούοος,
1496 3915 1549 3982 Et.
1573 3914 1617 3983 M.

339 4078 371 4144 p.
391 4060 464 4123 131.
490 4058 521 4122 3.
547 4094 589 4104 -
610 4056 757 4121 Verbum
773 4054 826 4120 hio
842 4055 948 4121 ualet:
973 4054 1172 4131 insolescere,
1197 4052 1368 4136 fastidiam
1382 4072 1461 4138 praa
1475 4050 1619 4133 referre,

340 4198 438 4279 atque
472 4192 607 4279 ponitur
642 4190 682 4256 de
706 4191 763 4269 iis,
793 4190 848 4275 qui
873 4189 1017 4254 eminere
1041 4210 1076 4253 se
1101 4188 1283 4273 ceterisque
1309 4186 1501 4252 mortalibus
1525 4205 1619 4271 supe-

340 4327 441 4392 riores
464 4347 536 4393 osse
559 4346 751 4413 persuasum
775 4324 838 4390 sibi
861 4324 985 4391 habent
1001 4324 1038 4409 2).

340 4604 587 4619 m

373 4817 386 4867 1
419 4817 473 4870 Sal„
491 4818 511 4869 L
528 4817 552 4870 9ἡ
570 4817 610 4870 93.

374 4819 403 4975 i}
420 4880 557 4978 Frequens
592 4912 754 4963 substantivi
779 4910 882 4961 ἀνιόντων
910 4915 950 4962 est
976 4925 1040 4961 usus
1067 4924 1162 4961 sensu:
1195 4909 1359 4975 οιννοοιινιιύο,
1393 4909 1462 4973 apud
1489 4906 1619 4959 loannem

316 4988 320 4995 ¹
343 5006 477 5077 chrysost.
494 5007 523 5057 in
540 5006 674 5073 Homiliis,
694 5011 761 5058 teste
778 5005 933 5058 Casaubono
950 5006 982 5056 ad
1000 5004 1132 5070 Theophr.
1151 5004 1228 5055 Char.
1246 5002 1286 5055 nt.
