4234 6059
954 753 974 818 9

328 978 407 1045 dicit
430 1000 460 1045 v.
484 977 668 1060 Leauwsn,
693 975 813 1042 oblivio
838 975 972 1064 dignum
995 976 1238 1065 Pythangelum
1255 977 1371 1044 acerbe
1388 980 1503 1044 notare
1520 977 1607 1044 servi

255 1102 258 1106 ’
326 1113 435 1181 verbis
451 1134 486 1180 se
504 1112 653 1208 neglegi,
671 1112 748 1177 dum
766 1113 819 1180 vel
838 1111 950 1179 talium
966 1113 1220 1179 homuncionum
1236 1113 1360 1181 mentio
1377 1113 1435 1179 fiat
1445 1165 1453 1199 ,
1472 1132 1609 1200 quaren-

329 1250 383 1317 tis.'
426 1249 477 1316 De
503 1247 680 1315 scholiasta
701 1249 792 1315 valet
814 1247 913 1316 illud:
948 1215 1080 1335 Nequid
1105 1249 1218 1315 nimis!

372 1385 478 1455 Sobel.
521 1386 602 1453 Boo.
645 1386 689 1452 οιί
723 1405 767 1453 ον.
803 1387 856 1451 91.
904 1383 1059 1465 Εὐριπίδου
1091 1392 1176 1450 πλεῖν
1208 1401 1294 1453 κτλ.;
1327 1385 1415 1451 πλέον
1446 1386 1462 1460 ά
1498 1382 1607 1464 σταδίῳ

326 1521 477 1604 Εὐριπίδου
500 1521 705 1606 φλυαροίτερα.

372 1657 475 1724 Ruth.
512 1661 693 1725 annotans:
729 1657 851 1724 observa
887 1657 1168 1742 Φλναριίσερα,
1203 1656 1299 1722 nimis
1328 1655 1521 1744 prudenter,
1557 1677 1609 1730 me

321 1791 452 1879 jadias,
488 1791 571 1858 nihil
603 1797 720 1892 mutat.
769 1793 864 1869 Quod
896 1814 938 1860 nc
970 1793 1092 1860 faceret
1124 1792 1261 1859 fortasse
1284 1792 1439 1859 inductus
1463 1796 1514 1858 est
1536 1792 1608 1858 loco

326 1926 508 2028 Herodiani
532 1928 594 2011 περί
618 1952 682 2007 μον.
707 1927 769 2005 λεξ.
792 1951 824 2016 p.
850 1931 934 1996 219:
958 1927 1059 1994 τούτου
1083 1928 1247 2016 (vocabuli
1271 1927 1338 1995 soil.
1362 1925 1509 2013 φλύαρος)
1535 1928 1609 2002 τινὲς

326 2064 479 2130 ἐκτείνουσι
506 2065 540 2130 τὸ
567 2088 587 2128 α
610 2063 660 2130 καί
684 2067 822 2143 μάλιστα
846 2067 915 2141 παρ’
938 2067 1094 2135 Ἀττικοῖς.
1142 2061 1208 2131 sed
1232 2061 1442 2130 Herodianus
1457 2062 1607 2149 fallitur,

326 2200 452 2289 syllaba
490 2200 576 2266 enim
615 2199 814 2287 penultima,
853 2204 891 2265 ut
927 2199 962 2265 in
1000 2205 1143 2280 φλυαρεῖν
1182 2200 1364 2287 ceterisque
1399 2197 1608 2286 compositis,

326 2356 454 2424 semper
500 2335 621 2422 ubique
666 2336 766 2423 longa
803 2340 871 2421 ast,
919 2339 956 2400 ut
993 2340 1083 2402 recte
1121 2335 1156 2401 in
1193 2335 1362 2403 Thesauro
1402 2335 1604 2401 observatur.

326 2458 478 2537 Multam
508 2492 640 2559 operam
682 2469 724 2536 ad
765 2471 891 2556 locum,
921 2471 992 2559 ,qui
1034 2470 1246 2558 grammatico
1287 2470 1344 2537 illo
1380 2470 1605 2556 assentiretur,

327 2596 561 2675 inveniendum
595 2590 741 2694 impendi
749 2632 758 2684 ρ
794 2606 914 2673 frustra
947 2599 1070 2673 tamen.
1119 2607 1226 2684 Quare
1257 2604 1502 2675 rescribendum
1539 2611 1607 2672 cst:

325 2743 593 2825 Φλναρίτερα.
620 2780 661 2792 -
686 2742 808 2810 Similis
832 2763 922 2809 error
944 2743 1082 2810 recurrit
1105 2743 1204 2810 schol.
1230 2743 1271 2809 ad
1294 2765 1342 2810 vs.
1370 2745 1464 2808 1060.
1628 2839 1629 2842 ¹

373 2878 478 2945 Sobel.
503 2879 547 2944 αά
571 2879 715 2946 oa103.
750 2879 874 2965 (Diibn.
898 2901 931 2966 p.
956 2881 1032 2946 278.
1057 2877 1094 2968 5)
1118 2880 1161 2958 μὴ
1184 2879 1269 2944 άλλα
1293 2887 1379 2944 πλεῖν
1402 2879 1419 2954 ἢ
1444 2879 1607 2956 μαίνομαιτ

326 3013 603 3092 μεταλαμβάνεται
638 3015 667 3079 δὲ
700 3014 740 3087 είς
775 3014 808 3078 τὸ
839 3016 892 3090 μὲν
914 3011 962 3080 οὖν
986 3014 1002 3090 ἢ
1026 3017 1085 3080 οὐκ·
1109 3013 1193 3079 άλλοὶ
1216 3015 1265 3079 καί
1290 3019 1415 3090 μάλλον.
1440 3018 1457 3091 ἡ
1481 3013 1541 3094 γάρ
1565 3014 1608 3092 μὴ

326 3148 524 3228 ἀπαγόρευσις
557 3150 640 3228 παρά
674 3156 733 3220 τοῖς
768 3156 907 3222 παλαιοῖς
930 3148 995 3214 άντί
1019 3157 1071 3224 τῆς
1095 3150 1126 3215 οὐ
1149 3149 1291 3232 άρνιίσειος
1316 3149 1607 3230 παραλαμβάνεται.

327 3268 481 3351 Fortasse
516 3284 745 3372 corrigendum
780 3291 847 3351 est:
882 3285 922 3350 τὸ
957 3287 1031 3367 γάρ
1066 3288 1116 3364 μὴ
1150 3285 1468 3365 ἀπαγορεύσεως.
1515 3279 1624 3352 Haec'

328 3418 424 3485 dicit:
452 3420 495 3496 μα’
519 3421 607 3505 (cum
629 3421 837 3507 imperativo)
863 3419 952 3508 quod.
975 3425 1026 3488 est
1048 3422 1192 3488 rotantis
1216 3420 1304 3510 apud
1328 3421 1481 3509 antiquos
1504 3422 1605 3488 etiam

326 3577 386 3642 pro
421 3556 598 3641 negatione
634 3555 790 3644 usurpari⁴
814 3555 836 3620 i.
868 3576 897 3624 e.
929 3577 988 3643 pro
1011 3557 1065 3635 μὲν
1088 3553 1150 3641 οὖν,
1187 3557 1280 3622 immo
1314 3577 1402 3640 cero,
1438 3556 1525 3643 quod
1559 3561 1609 3622 est

328 3689 547 3776 obloquentis.
593 3691 675 3758 Voc.
705 3690 906 3773 ἀπαγόρευσις
938 3697 1114 3779 usurpatur
1144 3691 1274 3780 quidem
1300 3711 1376 3779 pro:
1402 3693 1526 3777 oeqatio
1551 3683 1606 3778 (cf.

327 3824 472 3912 Hesych.
497 3847 521 3891 s.
545 3848 595 3911 v.,
619 3826 735 3893 Thom.
760 3836 804 3893 M.
822 3849 846 3896 s.
861 3849 891 3894 r.
915 3827 984 3891 ἑκὼν
1008 3824 1108 3916 εἶναι),
1133 3827 1191 3894 sed
1214 3828 1286 3895 loco
1303 3832 1415 3893 nostro
1433 3826 1490 3892 ubi
1508 3846 1608 3912 oppo-

328 3960 426 4024 situm
462 3967 511 4027 est
547 3982 615 4028 voc.
649 3959 763 4042 ἄρνησις
799 3962 906 4028 minus
940 3961 1101 4050 quadrare
1135 3963 1217 4030 haec
1249 3964 1339 4030 notio
1363 3962 1443 4027 mihi
1467 3959 1608 4028 videtur.

327 4094 516 4163 Dobraeum
547 4096 581 4162 in
613 4096 775 4184 prioribus
806 4096 949 4165 haesisse
980 4097 1086 4164 rideo.
1133 4099 1216 4185 Legi
1243 4098 1341 4186 jubet
1357 4099 1408 4184 1).
1513 4097 1550 4170 είς
1576 4098 1608 4162 τὸ

327 4226 449 4307 μὲνοῦν
473 4231 490 4307 ἢ
513 4234 564 4297 οὐκ
587 4233 681 4298 άλλά·
705 4229 718 4296 ὃ
742 4234 791 4298 καί
815 4236 950 4316 μᾶλλον,
980 4231 1084 4322 ,quod
1106 4236 1221 4300 raetiae
1236 4234 1313 4300 est”.
1337 4234 1443 4300 Raeto
1459 4232 1608 4320 fortasse,

328 4363 386 4430 scd
417 4362 530 4431 annon
559 4367 779 4432 necessarium
803 4367 846 4432 sit
870 4367 1004 4454 dubito;
1037 4369 1073 4434 in
1095 4368 1149 4446 μὲν
1173 4366 1220 4434 οὖν
1244 4368 1343 4436 etiam
1366 4369 1499 4457 negatio
1522 4369 1610 4435 inest

240 4495 250 4503 ’
329 4498 369 4565 de
406 4521 470 4586 qua
505 4501 605 4568 verba
639 4502 718 4568 facit
752 4507 937 4570 annotator.
984 4504 1066 4570 Mihi
1101 4505 1234 4593 quidem
1270 4505 1438 4592 vulgatam
1472 4504 1609 4571 retineri

252 4639 259 4667 '·
327 4641 593 4722 posse,'mutata
615 4641 745 4704 tantum
769 4639 1054 4727 interpunctione,
1084 4640 1231 4708 videtur:
1266 4639 1542 4721 μεταλαμβάνεται
1569 4641 1608 4714 είς

327 4887 575 4900 ᾖ

360 5056 389 5125 1)
406 5056 563 5108 Adversaris
581 5057 615 5109 ll.
633 5073 657 5127 p.
675 5058 731 5112 166.
