4234 6059
1159 744 1202 807 44

585 964 679 1032 Haeo
702 963 835 1029 seclusit
857 963 980 1049 Rutu,
1008 964 1062 1031 cni
1086 964 1127 1029 ab
1152 965 1240 1029 omni
1263 968 1356 1053 parte
1380 966 1531 1031 assentiri
1555 985 1696 1052 nequeo.
1721 966 1818 1033 Hisce

541 1099 691 1167 omnibus
715 1098 803 1166 enim
826 1097 944 1165 deletis
967 1097 1174 1166 desideratur
1197 1098 1339 1187 aliquid3
1364 1120 1439 1166 nam
1462 1120 1578 1168 resera
1601 1099 1724 1187 stipula
1747 1121 1818 1167 enm

541 1255 608 1300 non
643 1233 799 1303 titillavit.
833 1233 887 1301 Aa
912 1255 1022 1301 veram
1046 1234 1168 1301 codicis
1192 1234 1385 1323 scripturam
1408 1235 1559 1323 proprius
1582 1254 1642 1300 nos
1665 1235 1820 1303 accedere

540 1368 655 1457 credo,
678 1368 707 1436 si
730 1368 949 1437 restituimus:
971 1366 1044 1436 οὕτω
1067 1370 1158 1454 <Ducis
1180 1368 1280 1452 ἥψατο
1294 1368 1403 1452 (ἄν)
1421 1367 1506 1460 (scil.
1523 1370 1547 1435 ei
1562 1371 1613 1447 ἤδη
1630 1372 1822 1455 irretirer)

539 1528 596 1583 μου
629 1506 646 1582 ἦ
681 1508 786 1584 πληγὴ
810 1543 852 1557 -
875 1514 1030 1585 μυκτῆρος.
1060 1505 1124 1572 ἐπεὶ
1150 1507 1175 1571 οἱ
1198 1505 1326 1586 θιγόντες
1351 1542 1392 1557 -
1417 1505 1608 1587 ποοὶρουυτου.
1647 1506 1821 1594 Compara·

504 1653 508 1659 ·
541 1639 639 1706 tionis
676 1641 915 1729 expositionem
953 1641 1036 1707 hacc
1074 1645 1203 1708 tantum
1241 1641 1411 1707 continere
1449 1639 1660 1707 manifestum
1686 1645 1748 1708 est.
1774 1678 1814 1690 -

539 1774 645 1843 Ruth.
667 1781 839 1843 accentum
862 1777 1043 1850 οἱγυυτες
1067 1776 1120 1843 hic
1143 1776 1286 1843 seruerit
1308 1776 1402 1844 utin
1426 1777 1526 1843 schol.
1550 1774 1592 1842 erl
1616 1776 1695 1864 Lyn.
1717 1778 1819 1843 1004:

539 1910 675 1985 θίγεου.
725 1910 874 1978 Verbum
908 1916 1019 1978 tamen
1052 1912 1124 1990 θίγω
1158 1910 1253 1979 valde
1289 1916 1476 2000 suspectum
1513 1916 1564 1979 est
1599 1915 1634 1977 et
1670 1931 1714 1977 ex
1749 1911 1819 1998 ipso

540 2049 678 2111 accentu
700 2045 817 2113 vitioso
840 2047 948 2135 posito
971 2070 991 2115 a
1013 2047 1233 2135 grammaticis
1256 2048 1369 2115 fictum
1391 2045 1523 2114 videtur
1539 2047 1576 2132 1).
1620 2046 1728 2113 Recte
1744 2067 1820 2112 vero

539 2178 663 2249 Herod.
685 2182 749 2263 περὶ
770 2206 836 2261 μον.
858 2181 922 2261 λεξ.
945 2204 979 2271 p.
1002 2185 1046 2250 22
1069 2182 1198 2250 scribit:
1217 2233 1225 2251 .
1244 2231 1252 2249 .
1269 2231 1303 2251 ..
1326 2182 1449 2261 λέγεται
1474 2182 1504 2248 δὲ
1520 2182 1722 2255 ὑκοτοοκτοκῶς
1738 2182 1819 2247 sarri

539 2315 588 2381 alo
611 2316 740 2394 οὶὸροοτοκ
761 2319 872 2400 χρόνον,
895 2319 947 2383 ἐὰν
971 2319 1051 2398 liro.

586 2451 691 2519 schot.
725 2453 807 2518 Rev.
831 2452 876 2519 ad
897 2474 941 2519 ee.
964 2456 1042 2520 651.
1077 2454 1236 2530 Δοομείοοςο
1270 2454 1467 2533 <Ariusio
1491 2453 1579 2529 δῆμος
1604 2460 1656 2528 τῆς
1682 2452 1821 2529 Αἷγκΐδος

540 2593 639 2667 φυλῆς
673 2587 734 2651 ἀπὸ
770 2585 877 2665 Δρόμου
912 2593 962 2654 τοῦ
995 2586 1169 2666 Ἡρακλέους
1196 2594 1212 2679 Ι.
1237 2588 1396 2666 Δοομείοοςτ
1428 2588 1508 2653 ἐστὶν
1530 2589 1697 2669 Ἡράκλειον
1721 2586 1821 2653 airo'lr

541 2719 604 2801 arpi
638 2717 672 2786 οὖ
704 2720 754 2785 καὶ
775 2722 884 2795 'Procris
907 2728 981 2804 Φκυο
1004 2724 1095 2799 δηλῶν
1118 2721 1161 2790 ὅτι
1190 2725 1290 2805 Δοὸμορ
1312 2722 1458 2803 Ἡρκκλῆς
1484 2722 1583 2795 (ἐκεῖ
1600 2721 1819 2800 acorrima.

584 2855 687 2924 Rulli.
702 2857 826 2945 recepit
841 2859 1063 2945 conjecturam
1078 2858 1268 2937 Fritnschii3
1285 2857 1355 2925 cod.
1372 2858 1528 2925 exhibet:
1553 2859 1658 2937 Alopes
1671 2861 1820 2937 Ἠροικλῆς

541 2989 666 3068 ἐγένετο.
689 2992 805 3059 Priora
828 2992 928 3060 etiam
951 2993 1038 3082 apud
1063 2992 1155 3061 Suid.
1173 2997 1357 3060 occurrunt.
1380 2993 1421 3060 In
1437 2993 1537 3061 schol.
1555 2992 1631 3061 Alc.
1649 3012 1726 3059 vero
1744 2996 1821 3081 post

542 3127 652 3206 Arium
671 3126 811 3216 legiturr
834 3130 989 3216 ἐρομένου,
1013 3129 1183 3196 aMusuro
1199 3127 1327 3195 illatum
1343 3133 1380 3193 ut
1396 3133 1607 3216 congrueret,
1633 3127 1696 3193 nisi
1714 3126 1820 3211 fallor,

540 3282 614 3327 cum
630 3262 744 3351 steph.
760 3264 841 3351 Byz.
857 3286 881 3329 s.
898 3286 925 3330 v.
949 3264 1090 3342 Δοόμεοοοο
1115 3310 1190 3332 ....
1213 3266 1360 3342 Ἡρακλῆς
1376 3264 1437 3345 γὰρ
1452 3261 1628 3341 ἐπιξενωθεὶς
1645 3262 1727 3342 πυροὶ
1745 3272 1820 3327 Koa·

540 3396 619 3477 λύοςο
641 3398 748 3477 ἠράσθη
771 3398 880 3474 Δρόμου
896 3404 946 3464 τοῦ
962 3400 1022 3465 υἱοῦ
1038 3401 1140 3468 αὐτοῦ.
1154 3436 1195 3448 -
1207 3397 1290 3465 Mihi
1313 3402 1423 3465 autem
1446 3399 1547 3466 verba
1568 3403 1620 3464 τοῦ
1639 3397 1816 3479 Ἡροκλεόυς

541 3528 681 3597 delenda
703 3531 857 3599 videntur
878 3533 1005 3600 collatis
1032 3555 1115 3622 quae
1143 3531 1234 3602 Suid.
1250 3534 1272 3601 i.
1284 3533 1307 3602 f.
1324 3533 1474 3601 exhibet:
1498 3534 1547 3599 sal
1561 3531 1817 3615 Δοομεουλυζδυκς

540 3665 622 3744 λέγει
644 3666 705 3733 cirri
729 3668 870 3747 Δουμείυυ
892 3675 943 3735 τοῦ
962 3667 1071 3748 δήμου·
1096 3666 1125 3743 ὃς
1145 3670 1314 3747 ὠνόμοσται
1332 3666 1421 3741 οὕτως
1443 3669 1519 3733 cirri
1541 3691 1645 3741 τινος
1669 3667 1821 3745 Δρόμου

541 3804 598 3887 (ex
624 3804 725 3872 schol.
754 3803 794 3871 erl
818 3804 961 3872 Acheru.
987 3827 1033 3871 vs.
1059 3805 1124 3871 603
1144 3803 1331 3892 desumpta)
1352 3808 1387 3870 et
1406 3802 1516 3891 Etym.
1536 3803 1581 3871 Μ.
1602 3824 1634 3891 p.
1663 3806 1739 3869 277.
1758 3806 1822 3872 24:

540 3936 628 4016 ὄνομα
644 3939 734 4020 κύριον
750 3937 833 4021 ἥρωος
850 3940 999 4015 'Ainesios
1015 3938 1075 4021 ἐφ’
1091 3935 1123 4004 οὗ
1141 3938 1279 4016 Aroanios
1293 3939 1382 4020 ἑορτή.
1404 3938 1495 4005 Nihil
1508 3938 1595 4005 enim
1610 3937 1820 4004 tribuendum

540 4079 591 4141 est
613 4075 722 4163 Etym.
746 4076 791 4143 M.
814 4098 846 4163 p.
874 4077 948 4141 102.
973 4077 1034 4140 42:
1070 4073 1131 4139 a’ri
1166 4081 1216 4140 τοῦ
1250 4074 1367 4159 ἀνδρὸς,
1402 4072 1555 4155 ἅνδρομος,
1591 4076 1626 4145 ὡς
1659 4072 1720 4138 riri
1751 4074 1821 4147 Διὸς

541 4209 664 4296 Δίομος,
690 4210 787 4292 κυρίως
811 4213 825 4276 i
850 4212 947 4292 πυτὶρρ
970 4208 1138 4298 (Meineke
1162 4211 1248 4296 ποοῑς)
1270 4210 1461 4290 Ἠροοκλὲους,
1492 4229 1566 4275 cum
1588 4213 1724 4297 propter
1747 4229 1822 4275 een·

542 4344 677 4411 tentiam
707 4345 877 4412 ridiculam
901 4351 969 4412 lum
994 4346 1036 4412 ob
1061 4347 1168 4411 locum
1192 4345 1418 4432 quaestionem
1443 4344 1693 4432 etymologicam
1717 4344 1822 4409 conti·

541 4483 676 4545 nantcm
692 4480 941 4567 ineptissimum.
967 4518 1008 4529 —
1032 4480 1085 4546 De
1107 4479 1170 4546 hoc
1193 4479 1293 4567 igitur
1309 4480 1427 4546 Diomo
1444 4478 1525 4544 nihil
1540 4477 1723 4544 innotuisse
1741 4479 1821 4544 satis

543 4620 697 4704 apparet,
729 4616 786 4683 scri
810 4616 906 4683 facile
929 4616 1132 4703 intellegitur
1155 4621 1269 4704 postea
1292 4614 1404 4682 addita
1427 4615 1508 4682 haec
1532 4635 1620 4700 essc,
1652 4618 1690 4679 ut
1713 4635 1822 4680 nexus

545 4860 791 4869 ----

574 5024 602 5093 l)
620 5025 658 5077 Ct.
674 5025 752 5095 Elym
778 5026 810 5078 ll.
829 5041 853 5092 p.
870 5024 911 5078 25.
928 5024 970 5079 28.
986 5025 1171 5091 Exemplorum
1188 5024 1290 5089 copiam
1307 5025 1421 5076 contulit
1437 5023 1550 5091 Elmsley
1564 5022 1597 5073 ad
1611 5020 1673 5075 Oed.
1689 5020 1743 5075 Col.
1762 5021 1823 5078 470.
