4234 6059
931 737 973 811 tt

311 966 399 1035 iuter
420 967 633 1034 Diomumst
656 967 833 1033 Herculem
858 966 1122 1035 constitueretur.
1154 967 1270 1055 Itaque
1294 970 1453 1039 rescribas
1476 968 1591 1039 velim:

313 1104 477 1171 ...ατί
512 1102 622 1181 Διίμου
656 1099 807 1177 <τινίς>.
846 1140 887 1152 -
918 1102 1038 1169 Oetera
1068 1108 1199 1189 tamen,
1231 1126 1305 1171 oum
1335 1106 1439 1194 ipsius
1470 1107 1593 1175 Rhiani

311 1258 425 1304 versus
453 1236 628 1326 perierint,
659 1236 755 1303 nimis
782 1237 908 1305 incerta
930 1243 1020 1304 ratus
1043 1259 1159 1304 manus
1182 1240 1348 1307 abstinero
1372 1222 1475 1308 satius
1499 1241 1592 1312 duxi.

357 1372 462 1441 Sobel.
491 1373 572 1439 Bao.
601 1373 645 1439 ad
670 1394 714 1439 os.
739 1376 816 1460 685,
839 1372 894 1439 κᾶν
916 1373 978 1439 ίσαι
1002 1374 1163 1451 ricoarae:
1189 1375 1384 1458 ὑπερβολικῶς
1407 1372 1498 1445 εἶτεν.
1522 1376 1594 1444 ὅταν

312 1508 372 1590 γὰρ
395 1507 472 1594 [καί]
495 1505 556 1573 ίσαι
579 1508 612 1571 αἱ
634 1513 731 1591 ψῆφοι
755 1507 914 1594 γένωνται,
937 1509 1103 1575 οίτολύεται
1127 1510 1140 1574 ί
1163 1511 1420 1593 κατηνορεύμενος.

356 1643 438 1711 Voc.
473 1643 526 1708 καί
558 1630 646 1733 qnod
665 1616 700 1709 ⁵s
731 1647 828 1709 textu
857 1643 1006 1731 irrepsit,
1038 1644 1211 1712 manifesto
1244 1644 1420 1714 delendum
1444 1652 1505 1716 est.
1551 1628 1598 1715 In*

311 1778 525 1866 sequentibus
558 1770 639 1845 uitio
674 1778 928 1867 typographico,
972 1779 1105 1868 opinor,
1139 1780 1175 1846 in
1209 1802 1272 1852 vas.
1308 1804 1351 1849 ax
1384 1784 1457 1871 Iph.
1494 1784 1592 1853 Taur.

311 1914 436 2000 allatis,
460 1913 547 2002 apud
571 1902 674 1981 Ruth.
698 1913 836 2002 legitur:
861 1914 991 1993 ίξίσυσα
1015 1916 1045 1982 δέ
1064 1916 1071 2001 1
1091 1916 1140 1982 καί
1164 1917 1229 1995 τοίν
1251 1920 1283 1996 γ’
1303 1920 1419 2001 ’λρείοις
1440 1922 1469 1985 ἕν
1484 1918 1592 1999 ποίησιν
1642 1973 1644 1977 .

310 2067 380 2120 ιιτλ.
414 2050 480 2117 Pro
503 2051 535 2130 γ’
560 2045 757 2117 servandum
780 2055 832 2116 est
855 2040 953 2137 quod.
977 2048 1046 2117 cod.
1070 2050 1225 2119 exhibet:
1249 2054 1288 2121 c'.

250 2149 254 2157 ’
356 2184 461 2252 σοον.
483 2185 527 2252 aa
548 2206 592 2254 vs.
616 2187 684 2251 σοι
710 2184 835 2272 (onan.
859 2207 892 2273 p.
918 2185 1017 2253 acob.
1043 2188 1103 2275 aa)
1138 2187 1188 2252 κα
1225 2192 1403 2261 nstrata:
1440 2189 1505 2254 ιαι
1541 2196 1592 2257 ια

311 2320 497 2393 Πλαταιέας.
539 2307 605 2394 τοὺς
647 2321 958 2401 συνναυμαχιίτανται
1001 2320 1117 2394 δούλους
1158 2322 1328 2397 Ἐλλοίνιιιίς
1360 2331 1449 2407 φησιν
1481 2326 1592 2391 ἕλενίε·

310 2459 429 2535 τυθῆναι
461 2456 511 2522 καὶ
543 2456 755 2539 ἐγγραφέντας
779 2458 816 2531 ὥς
840 2463 1004 2529 Πλαταιεῖς
1028 2456 1320 2535 συμπολιτεύσασθαι
1337 2460 1462 2545 αὐτοῖς,
1486 2459 1592 2537 διεξιὼν

311 2590 352 2656 τοὶ
375 2591 422 2657 tat
448 2590 631 2669 ’Λντιγίνσυς
654 2598 705 2658 τοῦ
728 2593 781 2674 τρο
805 2593 945 2662 Καλλίου.
989 2593 1215 2672 Καλλίστρατός
1247 2602 1337 2679 φησιν
1359 2596 1391 2660 οὐ
1414 2598 1592 2686 συναλοιφὴν

311 2721 400 2804 εἶναι,
423 2724 508 2790 οίλλίι
531 2724 683 2792 διοίλειισον
705 2726 796 2804 ἰδίαν,
820 2727 1017 2804 σημαίνουσαν
1041 2729 1074 2793 τὸ
1098 2727 1168 2797 δίον.

356 2860 411 2926 Sic
434 2859 596 2927 exhibent
620 2861 749 2928 codices
774 2861 857 2928 Ven.
882 2866 916 2927 ot
939 2862 1043 2948 Rau,
1069 2862 1131 2928 nisi
1155 2862 1242 2950 quod
1266 2863 1320 2929 hic
1344 2863 1453 2929 omisit
1474 2866 1591 2933 verber

311 2994 376 3060 οίντί
409 3002 460 3068 τοῦ
491 2996 664 3067 Πλαταιέας
697 3000 731 3062 et
754 2996 871 3062 ultima
892 2995 970 3063 inde
1002 2996 1043 3062 ab
1068 2998 1310 3084 Καλλίστρατος,
1337 3020 1421 3087 quae
1444 3000 1479 3065 in
1503 3001 1592 3088 prin·

312 3130 397 3218 cipio
431 3130 545 3196 scholii
579 3131 673 3219 ponit
709 3130 781 3199 cod.
813 3132 899 3201 Van.
934 3132 974 3198 In
1010 3133 1127 3199 ceteris
1161 3132 1328 3200 codicibus
1364 3134 1479 3201 ultima
1508 3135 1590 3203 baec

313 3270 513 3353 sequuntur:
539 3316 627 3336 ....
652 3267 851 3344 σημαίνουσαν
881 3268 914 3332 τὸ
947 3266 1005 3333 δίον
1036 3264 1109 3333 εἶναι
1140 3269 1156 3345 ἢ
1188 3269 1297 3348 ὁμοίους
1322 3271 1456 3347 iniciat
1480 3280 1539 3344 τοῖς
1564 3272 1592 3336 ἐν

313 3406 487 3467 Πλαταιᾶσι
511 3400 544 3467 τί
568 3399 669 3481 Ξέρξου
693 3400 848 3477 νενικηκόσι
871 3401 968 3483 πεζόν.

357 3536 451 3614 Quae
486 3537 570 3603 male
606 3535 764 3623 disposita
797 3557 869 3603 esse
901 3557 997 3603 nemo
1028 3558 1096 3604 nou
1128 3537 1229 3607 videt.
1263 3539 1378 3606 Priora
1401 3540 1463 3606 hoo
1491 3540 1590 3606 modo

231 3733 233 3736 .
312 3669 567 3758 redintegranda
590 3692 662 3738 esse
686 3672 850 3760 suspicor:
874 3673 940 3738 οίντί
957 3678 1008 3738 τοῦ
1029 3674 1215 3747 Πλαταιέας.
1237 3671 1598 3775 Καλλίστρατος-ἰδίαν

312 3808 499 3886 σημαίνει
530 3806 568 3871 δὲ
599 3807 637 3872 τὸ
668 3803 768 3872 εἶναι
802 3807 912 3885 ὁμοίους
949 3795 1083 3886 traiciat
1117 3816 1175 3883 τοῖς
1202 3824 1270 3877 κτλ.
1297 3847 1338 3859 -
1362 3811 1458 3879 Nunc
1482 3816 1593 3879 catera

313 3940 528 4011 excutiamus.
550 3941 763 4007 Plataeenses
779 3942 856 4028 jure
872 3941 959 4008 civiti
977 3941 1115 4010 donatos
1128 3944 1215 4011 cives
1228 3944 1452 4013 Athenienses
1464 3945 1592 4012 minuto

307 4076 383 4162 juro
406 4077 506 4143 fnisse
523 4077 685 4166 opinatus,
702 4077 805 4144 Ruth.
823 4076 980 4145 audacter
996 4078 1143 4166 scripsit:
1169 4080 1234 4153 τοὺς
1251 4088 1460 4159 Σαλαμῖνι
1476 4106 1591 4159 νανμα·

311 4213 487 4293 χήσανται,
511 4211 631 4280 deinde
654 4212 676 4281 i.
700 4212 739 4279 f.:
767 4212 852 4285 <xci
878 4213 1072 4293 Φιλίχοοος>
1096 4212 1380 4291 διεξιὼν-Καλλίου
1395 4215 1423 4283 *.
1447 4216 1494 4283 At
1518 4239 1591 4283 oum

312 4344 353 4412 de
376 4346 434 4413 illo
458 4345 587 4414 diverso
611 4347 730 4414 civium
754 4368 875 4435 genere
899 4346 982 4413 nibil
1006 4347 1155 4414 tradatur
1177 4354 1212 4415 et
1234 4350 1296 4425 hoc
1320 4372 1421 4418 unum
1444 4358 1591 4439 constet,

311 4481 543 4569 Plataeenses‚
572 4482 695 4573 primos
726 4482 860 4551 civitate
892 4482 1049 4569 donatos,
1081 4483 1192 4551 omnia
1223 4485 1341 4553 civium
1373 4487 1591 4575 ingenuorum

309 4617 387 4703 jura
409 4639 476 4685 non
499 4617 653 4685 babuisse
665 4619 707 4705 ¹),
724 4617 930 4687 admittenda
944 4618 1026 4686 haec
1042 4620 1200 4688 correctio
1216 4643 1283 4689 uon
1299 4621 1438 4691 videtur.
1462 4623 1591 4691 Nomen

315 4860 562 4875 Q

352 5024 381 5090 ι)
398 5027 430 5077 τι.
448 5026 550 5078 (tilbert
566 5028 602 5079 ιι.
619 5043 643 5092 ρ.
660 5026 718 5078 noo.
