4234 6059
954 714 996 778 85

738 933 802 998 τόδε
825 934 886 1012 γὰρ
908 930 1001 1011 ἕτερον
1026 927 1065 998 ai
1088 936 1211 1010 ereptio

739 1067 881 1149 νεοχμόν,
905 1067 1032 1140 ciconiae
1056 1067 1166 1134 πλέων.

738 1200 751 1267 ὃ
775 1203 820 1275 τίς
844 1200 881 1267 ier
905 1200 1058 1277 ἐπενόησεν
1081 1199 1191 1287 citiam

378 1468 399 1534 i.
424 1488 453 1533 e.
489 1464 593 1530 Aliud
627 1464 709 1528 enim
743 1484 873 1547 cocum,
909 1464 1094 1528 insolentiae
1124 1463 1256 1549 pienum
1279 1463 1407 1546 focinus
1430 1484 1545 1529 eureos
1568 1484 1617 1529 eos

331 1599 506 1669 sustinere!
524 1600 677 1681 Quisnam
692 1600 778 1664 olias
794 1599 850 1664 leoo
867 1599 1004 1684 (fucere)
1021 1600 1054 1663 io
1071 1600 1212 1664 ocimum
1227 1598 1287 1666 eibi
1303 1600 1503 1664 induxisset?
1524 1599 1615 1675 Quae

333 1737 408 1804 vide
438 1757 536 1823 quam
566 1734 702 1822 pulchre
734 1755 808 1799 cum
832 1734 1052 1820 explicatione
1077 1754 1150 1799 mea
1172 1755 1219 1801 vs.
1247 1735 1333 1799 1370
1357 1730 1616 1819 congruant(-

333 1872 479 1939 Verbum
513 1875 624 1935 autem
655 1873 747 1944 τερνῖν
779 1867 893 1934 eadem
926 1868 1092 1934 sententia
1124 1868 1245 1953 legitur
1269 1888 1297 1935 e.
1322 1888 1353 1953 g.
1388 1868 1508 1935 Aesoh.
1533 1867 1614 1935 cho.

332 2028 378 2073 rs.
405 2007 487 2072 269:
512 2005 634 2069 κίνδυνον
657 2006 766 2087 creceio,
791 2004 847 2089 qui
871 2023 987 2068 sensus
1011 2001 1165 2090 perfacile
1186 2024 1205 2067 a
1224 2003 1319 2068 solito
1337 2002 1478 2068 derivari
1494 2008 1613 2090 potest.

320 2105 324 2107 Y
377 2143 555 2208 Praeterea
574 2160 618 2207 oe.
634 2141 724 2204 1375
743 2139 861 2205 rerba:
886 2144 941 2202 τῶν
958 2136 1156 2217 ἐπιτυχόντων
1173 2137 1207 2202 in
1224 2138 1479 2204 controversiam
1497 2137 1615 2203 adduci

332 2298 428 2365 posse
465 2275 544 2341 milri
578 2274 741 2341 videntur.
789 2273 893 2339 Plane
928 2238 1032 2338 euim.
1051 2293 1254 2359 supervacua
1278 2278 1370 2351 sunt,
1407 2272 1611 2359 quinetiam

332 2413 446 2499 inepte
479 2411 531 2476 hio
566 2431 601 2475 se
636 2409 778 2492 habent,
813 2409 840 2473 si
866 2428 941 2473 cum
965 2406 1145 2473 editoribus
1167 2408 1351 2493 intellegis:
1389 2409 1533 2495 quisquis
1559 2409 1614 2473 ille

333 2555 395 2631 est,
434 2548 461 2613 le
490 2548 631 2633 premier
652 2566 749 2624 oeou,
787 2544 873 2632 quod
898 2564 1026 2630 semper
1049 2542 1289 2629 quodammodo
1315 2542 1528 2609 detrectantis
1552 2549 1612 2637 est.

333 2682 540 2748 Sententiam
583 2702 716 2768 prorsus
759 2680 955 2745 contrariam
997 2678 1257 2768 exspectaveris,
1294 2680 1361 2745 soil.
1397 2684 1434 2744 ut
1469 2660 1611 2745 dicatur:

329 2814 484 2903 Equidem
507 2816 631 2881 etiamsi
653 2814 715 2902 fide
730 2815 933 2900 dipoissimus
949 2814 1080 2899 quidam
1096 2814 1171 2878 toec
1186 2814 1265 2878 milti
1280 2816 1474 2879 narravisset
1489 2814 1613 2881 credere

328 2952 466 3016 colleml
500 2949 560 3015 Oui
596 2950 623 3014 si
658 2948 828 3036 astipulari
864 2970 1007 3035 nequeas
1041 2948 1217 3036 (nusquam
1246 2970 1324 3014 sanc
1348 2948 1428 3014 alias
1452 2948 1512 3013 hac
1537 2969 1610 3013 seu·
1655 2994 1658 3001 ⁴

330 3086 435 3152 tentia
467 3085 603 3151 verbum
639 3084 796 3169 occurrit,
832 3082 918 3171 quod
955 3083 1079 3169 sciam),
1115 3083 1231 3148 vitium
1266 3084 1319 3149 hio
1353 3084 1465 3149 latere«
1481 3088 1607 3149 statuas

329 3225 469 3308 oportet.
504 3220 559 3285 An
583 3218 667 3284 forte
690 3218 882 3305 legendum:
908 3219 1243 3298 τνρκτνχόντωνὲ

374 3355 478 3422 Soleot.
502 3354 546 3419 od
568 3374 612 3419 os.
636 3356 735 3421 1378.
769 3354 894 3437 (Diibn.
919 3376 950 3441 p.
976 3356 1052 3421 311.
1081 3356 1096 3419 1
1122 3354 1135 3439 )
1160 3356 1241 3433 eropi
1265 3355 1304 3419 τὼ
1331 3354 1517 3430 cremor:
1533 3402 1540 3417 .
1556 3405 1563 3420 .
1579 3404 1607 3419 ..

328 3492 361 3556 τὸ
383 3492 412 3555 δὲ
433 3500 544 3571 σχῆμα
567 3492 702 3555 Ἀττικὸν
725 3492 761 3561 ὡς
789 3492 828 3554 τὼ
851 3496 950 3570 χεῖρε,
976 3492 1015 3553 τὼ
1040 3488 1122 3554 πόλει
1148 3489 1197 3553 noi
1223 3491 1254 3563 νὴ
1278 3490 1317 3553 τὼ
1341 3489 1404 3554 'orci

372 3624 525 3704 Ridicule
558 3626 597 3689 τὼ
632 3624 714 3688 πόλει
749 3623 849 3691 Dind.
884 3623 1013 3710 scripsit
1047 3644 1124 3711 pro:
1159 3626 1198 3688 τὼ
1218 3611 1338 3710 τόντε,
1362 3645 1460 3710 quem
1485 3597 1608 3691 temere

328 3764 459 3826 secutus
483 3765 533 3826 est
556 3759 666 3826 Diibu.
690 3759 814 3824 Immo:
838 3760 886 3822 τὼ
911 3758 1013 3825 τάδε.
1038 3760 1181 3843 (ΠΟΛΙΕ
1205 3780 1265 3845 pro
1290 3760 1428 3845 ΠΟΔΕ).

374 3896 478 3962 Soloi.
502 3891 582 3961 Rae.
608 3897 652 3961 od
675 3916 719 3961 oe.
743 3896 843 3962 1380.
868 3895 1015 3960 κνκκύνωε
1040 3894 1154 3975 copies.

373 4030 501 4097 Oollato
524 4031 624 4097 schol.
649 4030 690 4096 ad
714 4031 803 4098 Plut.
828 4052 875 4097 vs.
901 4034 965 4096 689
990 4030 1131 4116 corrige:
1156 4027 1309 4109 νυρίξω.

372 4166 605 4233 Atos.1386
627 4187 675 4252 sq.
711 4177 791 4233 Δνν.
816 4163 833 4230 i'
853 4188 899 4251 rr3
925 4165 1050 4240 εἰσέθηκε
1075 4165 1226 4245 coracio,
1251 4167 1439 4244 ἐριοπωλικῶς

822 4300 906 4378 ὑγρὸν
929 4301 1050 4375 πονήτας
1076 4300 1182 4372 τοῦπος
1205 4298 1301 4379 ὥσπερ
1323 4296 1428 4378 uriom,

821 4435 857 4500 σὺ
880 4434 905 4500 δ’
928 4434 1075 4510 εἰσέθηκας
1100 4434 1205 4506 τοῦπος
1230 4434 1434 4515 ἐπτερωμένον.

372 4570 499 4636 Horum
523 4589 586 4637 ree.
611 4569 696 4635 alter
718 4554 815 4636 valde
838 4575 1009 4657 suspectus
1033 4568 1113 4635 mihi
1137 4575 1205 4655 est,
1231 4591 1328 4657 quem
1345 4591 1387 4636 ex
1403 4568 1609 4656 grammatici

327 4705 497 4792 cujusdam
519 4705 814 4792 interpretamento
837 4706 927 4770 uocis
950 4707 1155 4785 ἕρνοπωλνκῶςε
1192 4705 1276 4787 ὑγρὸν
1298 4706 1422 4781 noricae
1446 4704 1540 4785 ὥσπερ
1568 4705 1608 4768 roi
1634 4754 1662 4769 ..«

328 4840 405 4925 ἔριν,
448 4840 502 4905 rel
536 4840 724 4926 hujusmodi
759 4840 902 4927 aliquid,
946 4841 1149 4928 procrevisse
1185 4840 1310 4928 opinor.
1369 4840 1481 4907 Verba
1515 4838 1609 4916 ὥσπερ

328 4974 414 5055 τᾶρα
449 4975 567 5042 misere
601 4976 760 5066 languent
793 4982 826 5042 et
849 4977 937 5043 vocis
962 4975 1067 5049 τοῦτνς
1092 4976 1265 5067 repetitio,
1296 4976 1394 5064 idque
1420 4975 1607 5043 eodemus.
