4234 6059
949 745 970 827 t

362 979 467 1055 Sciret.
499 985 582 1052 Rae.
613 982 657 1050 ad
678 1005 722 1053 vo.
754 987 808 1051 40.
851 985 864 1049 d
895 993 985 1057 πκῑςτ
1018 985 1031 1049 i
1056 986 1191 1058 Διθνυοος
1215 987 1287 1050 νεύει
1311 985 1379 1066 πρὸς
1402 987 1450 1051 τὸν
1476 977 1598 1055 Ξανθίαν

316 1123 365 1191 καὶ
389 1124 471 1202 λέγει
494 1121 733 1203 μειρκκενθμενοο
756 1122 793 1192 ὥς
816 1120 964 1193 δείσαντος
987 1121 1076 1187 αὐτὸν
1103 1127 1154 1186 τοῦ
1176 1121 1362 1203 Ἡρακλέους.
1400 1121 1523 1188 καθόλου
1539 1124 1599 1201 yde

316 1266 442 1325 τοιοῦτον
465 1256 615 1336 εἰσάγουσι
638 1256 687 1321 τὸν
711 1256 848 1322 Διθνυοον
870 1258 907 1330 ὥς
930 1255 999 1322 ὄντα
1023 1256 1125 1322 δειλόν.

361 1393 465 1460 Ruth.
490 1393 561 1459 sine
585 1413 684 1458 causa
707 1392 789 1458 haec
809 1390 979 1477 distrahit,
1003 1414 1051 1458 vs.
1069 1394 1112 1457 40
1129 1392 1317 1459 adscribens
1334 1393 1451 1460 verba:
1476 1393 1599 1459 καθόλου

322 1566 356 1579 -
386 1528 478 1595 δειλθν
513 1533 564 1594 et:
601 1528 615 1591 d
651 1526 785 1600 Διθνυοος
810 1566 850 1578 ·-
876 1529 1014 1605 Ξανθίαν,
1051 1532 1162 1594 uetera
1196 1549 1243 1594 vs.
1280 1529 1441 1614 sequenti.
1486 1527 1598 1594 Verba

317 1665 439 1731 κκθθλον
475 1703 517 1713 -
553 1660 642 1728 δειλόν
676 1663 785 1727 locum
820 1684 915 1728 suum
950 1663 996 1728 sic
1031 1683 1097 1728 non
1135 1668 1247 1729 tenere
1285 1662 1494 1729 manifestum
1532 1669 1598 1741 est;

316 1800 458 1887 primum
492 1799 580 1866 enim
615 1798 803 1884 conjunctio
839 1797 899 1877 γάρ
934 1796 1076 1864 delenda
1109 1797 1234 1865 fuisset.
1283 1797 1367 1876 Quid
1401 1804 1511 1866 temen
1535 1801 1597 1867 hoc

317 1937 388 2003 loco
422 1941 547 2001 τοιοῦτον
582 1933 746 2020 significet
783 1954 849 1999 non
885 1933 989 2020 capio.
1037 1933 1090 1998 Ex
1124 1934 1264 2021 simplici
1299 1935 1464 2002 locutione
1487 1936 1501 2001 i
1525 1942 1598 2007 ταῖς

318 2072 501 2158 Dionysum
524 2070 682 2156 ignavum
706 2090 778 2136 esse
802 2090 869 2135 non
893 2073 1048 2156 apparet,
1074 2075 1230 2156 appareat
1253 2074 1364 2136 autem
1391 2091 1525 2136 necesse
1550 2075 1601 2135 est

318 2229 362 2276 ex
392 2205 489 2273 modo
521 2226 585 2292 quo
609 2205 699 2295 ‘haee
722 2205 824 2272 verba
846 2205 1113 2293 pronuntiantur.
1160 2205 1256 2281 Quod
1279 2207 1381 2292 igitur
1403 2205 1600 2273 antecedere

318 2348 458 2432 oportet.

362 2479 486 2545 Veram
520 2481 631 2543 tamen
665 2476 818 2544 vocabuli
854 2482 978 2542 τοιοῦτον
1013 2477 1268 2565 explicationem
1303 2478 1420 2546 verba:
1459 2479 1495 2552 ὡς
1530 2477 1600 2545 ὄντα

317 2613 410 2679 δειλόν
440 2634 507 2678 non
536 2612 714 2700 praebent3
747 2613 836 2678 valet
867 2612 955 2677 enim
986 2611 1241 2694 μειρκκευθμενοςε
1280 2613 1485 2680 adolescentis
1516 2635 1601 2682 more

320 2749 493 2815 exsultans.
529 2747 646 2834 Itaque
670 2748 836 2833 vulgatam
860 2753 1022 2814 servatam
1046 2748 1179 2834 quidem
1204 2749 1339 2836 vellem,
1365 2751 1410 2815 sic
1436 2754 1545 2816 tamen
1563 2757 1600 2816 ut

320 2883 341 2950 i.
365 2883 387 2950 f.
411 2884 562 2949 lacunam
586 2887 739 2949 statuam.
788 2883 897 2948 Dubn.
922 2882 1043 2950 edidit:
1069 2932 1155 2951 ....
1180 2886 1216 2955 ὡς
1241 2881 1310 2948 ὄντα
1335 2884 1444 2968 δειλὸν,
1470 2885 1553 2962 μόνον
1570 2886 1600 2950 δὲ

320 3019 552 3103 καοχῆματίαν,
577 3040 621 3086 ex
638 3012 729 3085 'Ven
754 3018 825 3085 eod.
851 3017 931 3084 haec
955 3018 1126 3106 recipiens.
1163 3018 1255 3095 Quae
1279 3020 1395 3084 mutila
1415 3040 1485 3085 esse
1504 3041 1600 3086 nemo

321 3177 387 3222 non
404 3153 776 3242 videtdixpectaveris:
799 3156 843 3226 ὥς
867 3153 957 3220 ὄντα
980 3154 1107 3219 δειλὸν
1131 3154 1218 3239 μὲν,
1247 3156 1599 3235 καυχῆκκτθανδέ.

366 3290 471 3358 Schoi.
496 3291 577 3356 Boo.
601 3290 645 3356 ud
666 3312 710 3358 οε.
734 3292 790 3356 46.
825 3291 890 3369 ὀρῶν
919 3298 1037 3364 λεοντῆν
1067 3304 1152 3354 κτλ.;
1191 3289 1287 3370 ἐφόρει
1315 3287 1499 3366 leocritiae
1523 3289 1539 3372 pi
1564 3293 1600 3362 ὡς

320 3430 477 3509 Ἡρακλῆς.
514 3427 689 3508 Ἡρακλέους
716 3425 776 3506 reip
798 3424 921 3507 Φθρῆμοι
946 3427 962 3499 d
986 3434 1099 3501 λεοντῆ.
1123 3421 1192 3490 *lta
1216 3422 1232 3508 ᾖ
1255 3423 1391 3509 φοβερθο.
1417 3426 1602 3491 Διονυσιακὸν

321 3563 440 3644 Φθρεμον
464 3563 477 3626 ὅ
499 3561 648 3644 κροκυτθ.

367 3697 421 3765 flio
452 3698 556 3765 Ruth.
589 3696 711 3784 edidit3
742 3698 777 3763 in
805 3696 877 3767 cod.
901 3703 1013 3764 autem
1037 3703 1105 3765 est:
1141 3698 1278 3778 κροκωτὸν
1302 3697 1470 3783 (accentus
1494 3698 1602 3787 gravis

322 3856 365 3900 ex
388 3838 484 3901 acuto
507 3831 629 3923 factus)
653 3833 682 3899 δὲ
705 3831 751 3899 ἵνα
776 3833 942 3916 ῆφοβερθν.
973 3833 1064 3910 Quae
1081 3833 1115 3899 in
1131 3834 1249 3900 lacuna
1265 3834 1418 3900 excidere
1434 3833 1602 3921 potuerint

323 3970 475 4056 equidem
509 3991 576 4037 non
611 3969 718 4037 video.
754 3970 883 4036 Collato
918 3969 1009 4037 suid.
1034 3992 1058 4037 s.
1076 3991 1106 4037 v.
1144 3970 1282 4052 κροκωτόν
1315 3968 1492 4056 legendum
1531 3991 1601 4035 esse

322 4106 487 4194 smpicor:
512 4104 607 4186 ἐφόρει
624 4112 741 4179 λεοντῆν
758 4103 804 4170 ἵνα
820 4104 837 4188 d
852 4105 989 4186 φοβερός.
1013 4104 1125 4172 Verba
1140 4107 1176 4178 dr
1193 4108 1351 4192 Ἡρακλῆς,
1368 4127 1452 4191 quae
1470 4105 1601 4172 omnino

322 4239 512 4325 abundant,
547 4263 590 4307 ex
625 4242 689 4308 alia
724 4241 939 4307 annotatione
973 4240 1038 4307 huc
1062 4240 1230 4328 irrepsisse
1253 4231 1418 4308 videntur.
1466 4242 1506 4307 In
1531 4241 1601 4308 cod.

322 4377 427 4462 Van,
450 4377 486 4442 in
509 4397 573 4463 quo
598 4381 673 4465 post
696 4378 791 4461 ἐφόρει
814 4377 1040 4461 meritorii,
1064 4378 1145 4444 haee
1161 4382 1237 4465 post
1255 4377 1439 4444 Διονυσιακὸν
1454 4377 1603 4461 otorano

323 4511 460 4593 κροκωτόν
483 4511 606 4600 scripta
628 4511 727 4578 fuisse
751 4513 803 4599 (nt
831 4517 920 4580 recte
945 4511 1121 4580 ediderunt
1137 4512 1237 4580 Dind.
1261 4518 1295 4578 et
1310 4509 1438 4601 Diibn.)
1456 4519 1602 4599 apparet.

369 4646 475 4714 δοκεῖ.
498 4645 542 4713 ad
564 4669 607 4716 vs.
632 4649 678 4714 48
700 4648 825 4735 (Dubn.
851 4671 882 4738 p.
915 4651 991 4716 276.
1024 4652 1081 4736 39)
1105 4649 1285 4729 ἕτεβοὶτευον
1309 4649 1486 4715 Κλειοθένειο
1513 4693 1601 4715 ....

325 4784 528 4866 εὀτροοτῆνκοε
551 4785 580 4850 δὲ
604 4784 705 4850 areeri
728 4785 777 4850 arri
802 4786 928 4861 ἕνίκκοεν
951 4782 1043 4872 οὗτος,

372 4918 453 4987 June
480 4919 550 5006 jam
574 4919 743 4987 Fritasche
768 4920 850 4988 haec
873 4942 952 4988 vera
974 4942 1042 4987 non
1066 4942 1137 4988 esse
1160 4921 1298 4987 monuit.
1322 4920 1414 4986 Inter
1437 4921 1604 5006 praetores

325 5054 381 5140 qui
420 5054 456 5121 in
497 5056 622 5144 proelio
667 5057 776 5124 navali
818 5056 860 5124 ad
902 5057 1085 5144 Arginusas
1126 5057 1390 5146 imperaverunt,
1433 5054 1474 5120 ed
1516 5053 1604 5141 quod
1640 5148 1642 5151 ι
