4234 6059
1128 684 1169 747 74

552 905 681 974 Ocllatu
713 904 805 973 Suid.
829 927 855 971 ε.
879 927 910 971 v.
941 906 1123 984 ἅνθοσμίις,
1154 904 1210 991 qui
1239 904 1358 991 partim
1382 926 1426 971 ex
1449 906 1574 990 hocce,
1602 906 1721 995 partim
1745 928 1788 973 ex

507 1041 608 1108 achal
643 1039 686 1106 ad
719 1041 808 1106 Plut.
844 1062 890 1106 va.
927 1044 992 1106 808
1027 1041 1154 1125 hausit,
1191 1040 1418 1127 corrigendum
1444 1048 1510 1107 eat:
1536 1043 1694 1117 ἀνθοσμίκς
1720 1043 1786 1107 iit

506 1178 610 1249 εὐώδης
644 1172 787 1249 (clarc)
814 1214 855 1226 -
877 1179 980 1250 ὀσμῆς.
1015 1176 1066 1241 xxi
1101 1176 1205 1253 γέγονε
1242 1176 1492 1253 παραγώγως
1531 1177 1683 1253 dilatarat
1719 1192 1785 1245 κτλ.

506 1310 556 1378 ot.
580 1311 620 1377 B.
643 1311 685 1379 A.
709 1332 741 1397 p.
766 1313 841 1376 403.
869 1314 928 1394 183
951 1310 1031 1377 Zur.
1056 1331 1082 1377 a.
1106 1332 1137 1376 v.
1163 1348 1204 1359 -
1229 1308 1315 1376 Vide
1340 1314 1450 1376 tamen
1473 1331 1515 1376 ne
1537 1316 1723 1395 annotator,
1746 1312 1786 1377 ad

507 1465 576 1510 voc.
600 1441 669 1511 οἶνον
692 1445 892 1532 adjectivum
916 1443 1105 1511 desiderans
1124 1446 1258 1532 legerit:
1283 1446 1512 1522 ἀνθάσμιον,
1536 1446 1682 1532 itemque
1699 1467 1745 1512 va.
1763 1448 1784 1514 1.

505 1602 548 1647 ex
572 1580 672 1647 Pluto
695 1581 919 1669 explicaverit.
953 1580 1164 1666 Adjectivum
1188 1580 1319 1667 quidem
1347 1602 1507 1667 nusquam
1532 1581 1611 1646 alias
1635 1582 1785 1647 occurrit.

550 1715 656 1782 Schcl.
690 1716 771 1782 Rau.
808 1715 852 1779 ad
886 1736 929 1779 us.
966 1718 1066 1781 1163.
1101 1713 1157 1795 ὅτῳ
1189 1726 1267 1797 μετῇ
1293 1718 1426 1793 cirpea:
1462 1712 1621 1797 ᾦέξουσίκ
1650 1716 1711 1780 ἐστὶ
1737 1726 1787 1790 τῆς

505 1851 654 1928 πιτριῒος.

550 1985 670 2051 Rutu:
695 1986 764 2050 wlco
788 1985 847 2049 lvua
872 1986 922 2050 tle
943 1987 1084 2068 freedcm
1108 1986 1149 2070 cf
1168 1986 1217 2051 lia
1241 1995 1384 2073 country,
1412 2008 1495 2074 quae
1511 2008 1570 2074 per
1585 2007 1620 2052 se
1638 1991 1786 2073 spectata

506 2142 622 2205 nemu,
647 2122 710 2186 uici
734 2122 838 2205 fallor,
861 2121 1044 2207 intelleget.

550 2257 728 2323 Praeterea
758 2278 828 2322 voc.
861 2254 976 2332 ἕξιυσία
1009 2276 1107 2321 seusu
1131 2256 1188 2343 qui
1211 2256 1372 2343 poscitur:
1395 2258 1472 2340 jus,
1497 2264 1636 2342 potestus
1661 2257 1788 2345 aliquid

505 2391 661 2472 faciendi,
684 2391 847 2457 infinitivo
871 2412 937 2457 nou
962 2391 1091 2477 adjecto
1115 2412 1267 2477 graecum
1292 2412 1363 2457 esee
1379 2412 1474 2477 nego.
1499 2391 1636 2477 Legitur
1654 2389 1787 2477 quidem

506 2525 593 2613 apud
622 2526 726 2591 Thuc.
750 2528 777 2593 Ι.
803 2530 844 2593 38
875 2527 990 2602 ἐξουσίαι
1022 2527 1169 2610 πλούτου,
1199 2546 1313 2591 verum
1347 2526 1394 2591 ibi
1428 2524 1689 2611 intellegendum
1714 2534 1782 2591 eet:

503 2668 660 2745 poteslas,
695 2662 764 2726 vel:
803 2664 928 2728 licentia
962 2684 1059 2748 quum
1088 2664 1227 2748 pariunt
1254 2662 1402 2746 divitiae,
1433 2682 1518 2748 quae
1541 2660 1632 2725 notio
1658 2660 1698 2724 ab
1724 2660 1784 2724 hoc

507 2796 578 2860 loco
603 2796 710 2861 aliena
735 2803 795 2863 eet.

551 2931 757 3020 Quapropter
778 2939 835 2998 aut
858 2935 879 2997 i.
904 2934 925 3000 f.
942 2932 1129 2999 addendum
1147 2938 1216 3000 eet:
1242 2932 1454 3011 <ιιετέχειν>
1467 2938 1523 2997 aut
1540 2929 1783 3017 corrigendum:

506 3070 709 3143 μετουσία.
738 3069 777 3135 cf.
803 3090 849 3136 va.
876 3072 952 3154 4433
976 3069 1064 3135 Plut.
1091 3089 1136 3135 ve.
1163 3071 1226 3133 630
1250 3090 1324 3133 cum
1348 3067 1497 3150 echoliia;
1521 3065 1607 3133 Eccl.
1632 3087 1679 3132 vs.
1707 3068 1782 3149 1733

507 3201 606 3289 Soph.
631 3202 713 3268 Oed.
739 3205 780 3269 R.
804 3227 851 3270 ve.
877 3208 952 3290 6303
976 3204 1096 3271 Aesch.
1121 3202 1216 3268 Eum.
1241 3224 1287 3269 vs.
1313 3206 1388 3269 811.

552 3334 655 3403 Schol.
694 3338 771 3402 Rau.
806 3340 849 3403 ad
872 3361 916 3404 vt.
940 3342 1040 3405 1178.
1066 3338 1122 3403 ccclv
1145 3364 1199 3403 που
1223 3339 1264 3411 δὶς
1288 3354 1376 3403 ara:
1412 3335 1467 3400 κᾶν
1490 3362 1518 3402 τι
1543 3336 1702 3415 ἐλάχιστον
1728 3335 1780 3421 [τι]

506 3473 585 3548 ῥῆμα
608 3469 624 3550 ᾖ
649 3472 780 3550 περισσὸν
804 3474 821 3548 ἦ
845 3448 975 3555 vertras
1000 3473 1074 3562 [acl]
1102 3474 1244 3551 παρέλκον
1268 3476 1299 3537 ἕν
1322 3476 1361 3552 τῷ
1384 3473 1474 3551 λόγῳ.

551 3606 590 3669 In
626 3605 696 3672 cod.
733 3612 799 3672 est:
836 3607 891 3672 κᾶν
925 3635 953 3673 τι
990 3609 1150 3689 ἐλάχιστον
1186 3634 1213 3674 τι
1248 3612 1327 3689 ῥῆμα
1364 3609 1380 3681 ἦ
1407 3608 1539 3686 περισσόν
1563 3632 1591 3670 τι
1614 3604 1693 3687 εὕρῃς
1717 3620 1783 3673 κτλ.

505 3741 608 3809 Ruth.
633 3748 786 3811 annotat:
813 3746 898 3809 there
921 3749 995 3831 may
1018 3746 1052 3813 bc
1076 3753 1134 3809 two
1158 3752 1243 3809 cautes
1267 3744 1347 3810 lvere.
1395 3743 1438 3809 ut
1456 3744 1532 3829 jure
1556 3741 1689 3828 quidem
1713 3742 1779 3824 ille,

506 3878 622 3943 ultima
645 3880 732 3944 euim
756 3878 797 3944 ad
821 3880 938 3946 verba:
963 3879 1016 3955 ἔξω
1041 3886 1091 3944 τοῦ
1115 3883 1203 3956 λόγου
1228 3885 1375 3965 spectare
1400 3878 1568 3966 probabile
1585 3884 1646 3944 eat.
1671 3878 1783 3943 Hccce

505 4012 606 4098 igitur
639 4012 736 4078 modo
771 4014 894 4080 scholia
929 4014 1135 4100 distinguens
1168 4014 1260 4101 legc:
1296 4016 1351 4078 atla
1386 4038 1440 4079 που
1478 4014 1517 4084 δὶς
1552 4029 1640 4081 arraz
1677 4012 1732 4077 ala
1766 4007 1783 4094 ᾖ

505 4146 666 4227 ἐλάχιστόν
700 4174 727 4212 τι
761 4152 840 4229 ῥῆμα
864 4150 1008 4226 περισσόν.
1030 4152 1071 4233 li
1097 4150 1215 4225 crovilla
1237 4149 1297 4229 lla
1321 4165 1406 4216 arla:
1446 4150 1462 4225 ἤ
1488 4173 1513 4213 τι
1537 4146 1617 4245 εὕρῃς
1642 4149 1784 4227 παρέλκον

506 4284 534 4345 ἐν
554 4286 594 4362 τῷ
617 4283 711 4363 λόγῳ,
739 4305 822 4369 quae
846 4286 1004 4350 correctio
1029 4286 1128 4349 etiam
1144 4285 1250 4349 lenior
1271 4289 1328 4349 eet.
1353 4283 1514 4350 Perfacile
1531 4283 1618 4349 euim
1635 4293 1675 4347 HI
1693 4288 1726 4348 et
1742 4292 1784 4347 TI

506 4418 541 4481 in
571 4438 630 4483 ms.
662 4418 817 4481 conlundi
841 4425 1029 4504 potueruut.
1067 4420 1158 4484 Nihil
1181 4425 1291 4485 eutem
1315 4419 1503 4484 offensionis
1528 4418 1650 4484 habere
1674 4423 1784 4505 potest

504 4550 592 4638 ,quud
625 4557 659 4617 et
689 4552 723 4616 iu
748 4552 901 4617 lemmate
926 4558 960 4617 et
982 4554 1016 4617 in
1040 4554 1164 4618 scholio
1188 4556 1297 4641 recepi
1322 4556 1355 4639 ²33
1390 4556 1520 4641 saepius
1545 4574 1562 4618 e
1589 4558 1685 4618 textu
1709 4573 1782 4639 par·

507 4687 625 4752 ticulae
649 4687 684 4750 in
707 4687 830 4752 scholia
853 4687 1055 4773 recipiuntur
1072 4687 1283 4775 explicationi
1299 4690 1397 4776 plane
1413 4708 1685 4778 supervacaneae,
1703 4709 1732 4755 e.
1752 4710 1782 4773 g.

506 4821 618 4886 acholl.
643 4820 684 4886 ad
708 4824 882 4904 vua-1011
911 4827 945 4888 et
972 4825 1069 4887 1014.

550 4956 606 5032 Ad
629 4978 670 5021 ca.
693 4958 782 5021 1180
806 4978 852 5054 aq.
889 4958 978 5023 Ante
1016 4958 1249 5032 Laeuwenium
1287 4958 1447 5044 editores,
1482 4960 1569 5024 iuter
1592 4978 1672 5053 quos
1697 4958 1783 5023 viros
