4234 6059
1167 747 1188 820 t

537 977 698 1070 proelium
721 979 857 1047 verbum
880 979 1006 1056 ἐνίκησεν
1030 977 1181 1045 nimirum
1198 984 1344 1068 spectet,
1369 980 1557 1069 Xenophon
1572 981 1597 1067 ¹)
1614 979 1843 1050 Clisthenem

537 1137 604 1184 non
637 1121 815 1200 memoret,
850 1137 957 1202 neque
991 1136 1051 1204 por
1073 1136 1108 1182 se
1132 1114 1308 1182 verisimile
1330 1115 1463 1183 ridetur
1486 1116 1710 1185 Athenienses
1737 1120 1843 1207 peri·

537 1251 747 1319 enlosiseimis
771 1253 819 1318 rei
841 1251 992 1341 publiose
1016 1251 1218 1339 temporibus
1242 1271 1317 1319 eum
1340 1257 1525 1340 praetorem
1548 1253 1680 1322 senisse.
1707 1253 1842 1321 Anno·

536 1388 619 1454 totio
652 1386 788 1455 fluxisse
822 1385 953 1454 ridetur
976 1406 1019 1453 ex
1041 1385 1334 1474 praecedentibus:
1372 1389 1510 1470 ἐμφαίνει
1533 1385 1580 1454 ιῦν
1601 1385 1664 1474 θτι,
1689 1390 1714 1454 εί
1737 1391 1839 1454 κατὰ

535 1524 693 1604 στρωτείοιν
715 1523 900 1607 ἐπεδήμουν,
927 1521 1008 1599 μετὰ
1032 1521 1214 1594 Κλεισθένους
1238 1520 1275 1588 to
1298 1521 1559 1608 ἐστρατευσάμην,
1587 1544 1672 1612 quse
1695 1525 1837 1590 ironice

534 1657 623 1727 dioto
645 1679 718 1727 esse
740 1657 920 1724 Groeeuius
943 1657 1053 1725 nesoio
1077 1658 1149 1746 quis
1172 1677 1240 1723 non
1262 1657 1438 1727 intellexit.

580 1794 685 1861 Sobel.
716 1792 797 1859 Rau.
829 1793 873 1858 ad
902 1813 945 1859 οε.
970 1794 1024 1859 51.
1072 1788 1147 1877 Κᾷτ’
1174 1793 1266 1870 ἔγωγ’
1291 1791 1469 1874 ἐξηγρίμηνι
1503 1792 1638 1866 Διθνυοος
1661 1791 1754 1871 λέγει.
1788 1796 1833 1866 ὥς

534 1935 590 1995 τῶν
624 1929 756 2005 ἐπίτηδες
790 1928 971 2010 ψευδομένων
1009 1927 1204 2005 ἐπιλεγόντων
1228 1933 1312 1994 τοῦτο
1335 1925 1445 2013 [κοιθὸ
1471 1929 1608 2005 δηλοῦτωι
1632 1927 1675 1995 ὅτι
1699 1928 1832 2010 ἐνυπνίῳ

536 2065 674 2150 totorum)
703 2064 736 2128 σθ
760 2063 945 2150 λεγόμενον]
968 2064 1043 2136 τινὲς
1068 2065 1108 2145 τῷ
1132 2067 1274 2145 Ἡρακλεῖ
1294 2063 1483 2143 προσνέμουσι
1506 2070 1600 2131 τοῦτο.

580 2199 635 2266 sio
665 2200 788 2286 Ruth.;
818 2200 853 2265 in
877 2198 948 2266 eod.
972 2199 1110 2286 legitur:
1148 2199 1172 2262 σί
1196 2198 1226 2264 δέ
1249 2206 1327 2280 φυσι
1352 2199 1486 2264 Διθνυσον
1508 2200 1607 2276 λέγει·
1631 2195 1700 2283 κᾷτ’
1723 2199 1828 2277 ἔγωγ’

434 2407 438 2413 ,
535 2334 714 2415 ἕξηγρθμην,
747 2332 885 2402 deinde:
919 2335 943 2399 οί
967 2333 996 2398 δὲ
1021 2335 1061 2414 τῷ
1085 2336 1226 2413 Ἡριικλεῖ
1247 2358 1280 2400 π.
1307 2359 1336 2400 τ.
1376 2334 1468 2410 Ques
1491 2333 1595 2400 Ruth.
1619 2333 1712 2400 uneis
1736 2355 1825 2400 eon·

533 2470 630 2536 elusit
663 2471 786 2537 servari
821 2463 877 2537 me'
892 2469 1005 2557 judice
1028 2475 1184 2557 possunt,
1217 2469 1279 2534 nisi
1302 2468 1388 2556 quod
1413 2490 1497 2556 ques
1521 2470 1686 2559 expunxit
1710 2475 1820 2537 truns-

532 2607 640 2695 posite
662 2607 802 2673 mallem.
838 2607 1012 2694 Propono:
1036 2606 1061 2670 οέ
1084 2605 1139 2683 μέν
1161 2612 1239 2687 ψοιοι
1263 2605 1398 2672 Διθνυσον
1421 2605 1602 2692 λέγεκν>·
1626 2603 1696 2690 κᾷτ’
1721 2605 1821 2684 ἔγωγ’

533 2741 709 2823 ἐξηγρόμην,
746 2746 781 2814 ὡς
816 2748 872 2807 τῶν
907 2742 1039 2816 ἐπίτηδες
1074 2740 1255 2822 ψευδομένων
1291 2740 1484 2818 ἐπιλεγόντων
1517 2746 1621 2806 τοῦτο·
1657 2743 1681 2805 oi
1718 2741 1748 2805 δέ
1776 2743 1820 2823 τῷ

533 2881 677 2957 Ἡροιιιλεῖ
709 2878 913 2957 προσνέμουσι,
949 2876 1012 2941 καθ’
1046 2873 1060 2940 ὃ
1096 2877 1207 2951 δηλοῖ
1237 2873 1280 2941 ἐτι
1316 2877 1432 2956 ἐνυπνίῳ
1471 2874 1581 2956 ἐῴκει
1618 2873 1744 2964 (Suid.)
1781 2877 1817 2941 τὸ

531 3013 698 3092 λεγθμενον.
742 3014 834 3090 Quae
876 3017 1002 3079 vertas:
1046 3011 1224 3098 Dionysum
1266 3011 1340 3077 Ιιωισ
1373 3011 1467 3077 verba
1499 3011 1614 3077 dimisse
1644 3019 1720 3077 suut
1757 3014 1817 3099 qui

530 3156 710 3229 autument,
749 3149 834 3236 quod
866 3150 923 3235 qui
956 3148 993 3213 de
1026 3147 1189 3213 industria
1223 3149 1420 3212 meutiuutur
1453 3147 1516 3234 ι’ριεί
1553 3147 1627 3213 hoec
1657 3146 1812 3231 subjicere

529 3285 661 3353 soleant.
696 3284 768 3350 Alii
796 3304 867 3349 vero
898 3282 1035 3348 Herculi
1066 3282 1140 3348 bueo
1171 3284 1351 3368 υεείριιαιιί,
1384 3283 1432 3348 ita
1456 3289 1493 3348 ut
1515 3303 1596 3369 quae
1618 3283 1703 3351 diota
1726 3284 1812 3370 siut,

529 3422 684 3486 nomnium
716 3418 777 3485 sibi
808 3418 910 3484 uideri
941 3417 1105 3504 sipuifioet.
1151 3417 1328 3485 Praetereo
1362 3418 1397 3482 in
1433 3417 1547 3484 sobolii
1585 3416 1678 3485 initio
1716 3416 1812 3507 (unte

530 3555 657 3620 σκθπσει
680 3554 728 3618 τὸν
751 3551 898 3638 Διθννσσν)
921 3552 1003 3618 haee
1026 3552 1136 3634 omnio
1158 3552 1258 3620 fnisse
1283 3553 1390 3620 oredo.

575 3689 680 3756 Sobel.
711 3688 790 3758 Rau.
821 3687 865 3753 ad
887 3689 986 3754 osus.
1022 3689 1074 3763 τῆν
1097 3688 1305 3768 Ἀυδρομέδοινι
1329 3689 1377 3754 tm
1400 3689 1430 3753 τί
1453 3689 1496 3765 μῆ
1521 3686 1597 3754 ἄλλο
1619 3714 1646 3755 τι
1670 3693 1726 3753 τῶν
1757 3689 1812 3768 πρὸ

528 3826 628 3904 ίλίγου
663 3824 854 3905 διδιιχθέντων
890 3824 940 3888 uui
974 3829 1088 3904 κοιλῶν,
1124 3821 1308 3909 Ὑψιπύλην,
1344 3824 1512 3902 Φοινίσσοις,
1540 3824 1695 3900 Ἀντιόπην
1703 3849 1712 3903 ;
1741 3825 1811 3901 ῆδέ

529 3961 703 4042 Ἀνδρομέδα
726 3960 815 4040 ἐγδίῳ
839 3960 895 4024 ἐτει
920 3961 1074 4040 προῆλθεν·
1100 3961 1171 4023 ἀλλ’
1194 3960 1233 4027 οὐ,
1249 3960 1463 4042 nouom-turmis
1487 3953 1520 4033 ἦν
1542 3961 1583 4025 τὰ
1606 3965 1740 4026 τοιοῦτοι.

573 4096 614 4160 In
651 4095 723 4162 eod.
763 4100 813 4162 eet
851 4096 1025 4176 προσῆλθεν,
1067 4115 1165 4181 super
1198 4119 1217 4158 σ
1256 4094 1320 4159 duo
1356 4100 1495 4182 puncte5
1533 4096 1619 4162 Ven.
1655 4094 1809 4162 exhibet:

529 4240 705 4311 προσῆκται,
729 4219 817 4319 quod
840 4232 989 4318 proxime
1012 4252 1032 4297 e
1057 4250 1133 4297 vero
1158 4224 1321 4296 remotum
1345 4229 1490 4296 videtur.

574 4367 714 4453 Rejoote
736 4368 937 4433 oorreotione
960 4366 1194 4432 Dindorfieno:
1219 4368 1417 4447 προεισῆλθεν,
1442 4365 1619 4454 legendum
1643 4387 1714 4433 esse
1738 4387 1808 4432 sus·

527 4502 619 4590 pioor
649 4511 816 4581 πρυεισῆκπι
832 4503 869 4587 2).
916 4502 1022 4568 Locos
1047 4502 1104 4568 ubi
1129 4501 1300 4583 είσέρχυμοιι
1325 4501 1366 4567 de
1390 4501 1500 4570 tabula
1522 4503 1673 4590 ponitur,
1697 4503 1746 4568 ite
1769 4508 1808 4568 ut

529 4726 774 4741 fi———nn

558 4890 572 4942 1
607 4891 674 4944 Heil.
691 4891 711 4942 I.
730 4888 753 4943 7.
770 4890 795 4939 2.
1511 4941 1512 4945 ,

559 4892 588 5050 λζ
609 5001 632 5036 ν.
656 4985 785 5036 Leenwen
809 4984 837 5033 in
862 4983 1051 5033 commentario
1073 4984 1105 5034 ad
1129 4998 1165 5034 vs.
1189 4981 1222 5032 52
1239 4997 1279 5046 sq.
1303 4979 1410 5045 scripsit
1434 4967 1609 5044 πρυεισῆκσκι,
1636 4977 1806 5044 quodetiam

525 5074 689 5130 Diodoriium
707 5077 873 5143 proposuisse
888 5092 962 5129 nnnc
979 5077 1061 5130 video.
1095 5077 1184 5128 Minus
1205 5082 1296 5127 tamen
1314 5078 1397 5139 recte,
1416 5089 1459 5125 me
1472 5073 1571 5138 judice.
