4234 6059
362 1778 467 1853 Sciunt.
498 1778 579 1851 Rev.
612 1779 655 1848 att
684 1804 728 1849 ωε.
759 1781 791 1849 1.
839 1786 876 1848 ‘O
901 1782 1023 1855 Ξανθίας
1053 1777 1101 1847 ε’τδ
1129 1774 1188 1847 ἔναυ
1212 1778 1384 1862 παράγεται
1409 1775 1597 1863 καθεζόμενος

317 1919 395 2000 ἔχων
418 1920 465 1985 ἐπὶ
490 1926 546 1984 τῶν
568 1919 651 1997 ὤμων
674 1917 819 2003 ιὶιιίφιραι
842 1916 912 1984 ὅπου
935 1916 967 1994 ἧι
990 1918 1031 1982 τδι
1055 1917 1228 1997 στρώματα.
1338 1941 1340 1944 ·

363 2054 599 2140 Corrigendum
623 2059 690 2120 est:
715 2056 729 2118 ε’
738 2053 777 2117 τι
802 2059 867 2118 τοῦ
890 2053 1008 2137 ὤμου,
1032 2067 1070 2117 ut
1087 2052 1223 2118 exhibet
1241 2051 1312 2118 eodo
1338 2051 1422 2119 Van.
1436 2051 1493 2118 Ex
1510 2074 1556 2120 va
1577 2057 1595 2118 8

319 2190 406 2255 enim
436 2189 661 2255 manifestum
678 2193 729 2254 est
756 2189 874 2274 jugum
903 2187 989 2274 quod
1027 2187 1091 2254 fert
1126 2208 1193 2254 non
1217 2209 1257 2254 ea
1283 2187 1387 2254 forma
1409 2187 1509 2254 fuisse
1533 2210 1598 2275 qua

318 2324 416 2390 hodie
439 2324 527 2413 apud
551 2347 610 2390 nos
633 2329 783 2408 utuntur,
809 2324 866 2389 sad
890 2345 991 2389 unum
1010 2328 1138 2388 tautum
1155 2324 1326 2390 humerum
1341 2324 1375 2390 id
1392 2325 1596 2391 sustinuisse.

363 2459 468 2527 Scluat.
504 2459 585 2525 Rev.
622 2459 665 2524 ad
689 2480 732 2526 vt.
768 2461 822 2526 11.
869 2461 911 2535 μδ
943 2455 1001 2533 δῆθ’
1025 2458 1143 2548 ἱκετεύω
1167 2475 1254 2524 art:
1292 2459 1376 2536 τότε,
1407 2461 1499 2542 φασί,
1524 2461 1597 2538 λέγε

319 2597 370 2662 ε’διι
393 2595 486 2680 θέλῃς,
509 2595 684 2672 ἐπιτηρήσας
707 2593 755 2658 ὅτε
777 2593 879 2671 μέλλω
900 2592 1022 2670 ἐξεμεῖν·
1039 2597 1136 2678 ῥᾷστα
1152 2595 1212 2673 γαρ
1227 2597 1344 2672 μᾶλλον
1360 2594 1396 2660 διν
1412 2593 1597 2673 ἐξεμέσαιμι.

364 2728 565 2796 Rutherford
586 2712 706 2795 'vertitz
731 2727 774 2812 ss
791 2728 859 2796 ooo
884 2735 919 2794 αι
942 2729 1007 2806 ao,
1031 2727 1055 2792 Ι
1075 2728 1191 2794 sooou
1212 2729 1323 2795 rasso
1347 2729 1381 2795 oe
1403 2731 1471 2796 soa
1486 2729 1597 2817 easily.

364 2864 446 2930 Vno.
470 2867 588 2940 μᾶλλον
612 2862 744 2930 defendi
767 2864 813 2928 sio
837 2863 975 2930 fortasse
999 2868 1129 2951 potest,
1154 2867 1301 2930 attamen
1324 2865 1440 2931 abessa
1456 2867 1597 2933 mallem.

321 2999 429 3076 Quum
454 3021 472 3065 e
496 3000 542 3066 rei
567 3004 684 3065 natura
706 2998 794 3064 haud
820 2998 951 3064 difficile
972 3000 1015 3064 sit
1029 2999 1202 3065 intellectu
1217 3019 1483 3090 unumquemque
1501 2965 1604 3088 quam¹

320 3135 473 3202 facillima
503 3155 636 3200 vomere
671 3155 808 3221 euporo,
840 3103 890 3198 his
926 3133 1004 3220 ipsis
1037 3133 1144 3200 verbis
1169 3133 1343 3200 dicendum
1369 3137 1508 3223 amplius
1532 3159 1599 3203 non

319 3275 399 3338 erat.
423 3271 601 3337 Praeterea
624 3269 706 3336 nihil
726 3269 767 3335 ad
791 3291 860 3336 rem
883 3269 962 3357 quid
986 3269 1153 3358 Dionysus
1177 3271 1304 3358 oupiat,
1339 3271 1380 3337 de
1404 3272 1599 3339 efficacitate

319 3411 448 3472 tantum
473 3406 587 3472 talium
614 3407 767 3492 jocorum
791 3406 892 3472 verba
915 3406 1009 3472 fiunt.
1034 3443 1079 3454 -
1104 3405 1219 3472 Lectio
1244 3428 1375 3494 quoque
1399 3408 1469 3474 eod.
1495 3408 1598 3476 Vsu:

318 3544 414 3626 ῥᾷστα
437 3542 497 3623 γὰρ
520 3541 556 3606 to
580 3540 771 3620 ε’ξεμὲσαιμι,
798 3544 847 3606 εἀι
870 3540 951 3624 sinas
974 3541 1159 3608 luculenter
1182 3542 1326 3608 ostendit
1349 3564 1419 3610 voe.
1444 3547 1600 3620 μᾶλλιιω

320 3677 443 3743 soholio
470 3682 582 3744 nostro
607 3678 684 3744 olim
708 3677 847 3763 afuisse,
885 3666 1084 3765 quapropter
1101 3700 1175 3743 oum
1192 3677 1362 3744 Dindorfio
1387 3684 1421 3744 ot
1443 3679 1599 3746 Diibnero

322 3811 497 3878 delendum
523 3817 583 3879 est.

366 3946 471 4014 Solent.
494 3947 575 4014 Rev.
600 3947 644 4012 ad
665 3968 708 4014 vt.
732 3949 786 4014 14.
834 3947 944 4049 Λύκιςι
977 3948 1067 4021 Λύκις
1095 3948 1246 4031 κωμῳδίας
1272 3949 1400 4024 ποιητής.
1426 3951 1462 4021 ὡς
1486 3950 1601 4030 ψυχρὸς

321 4083 510 4164 κωμῳδεῖται.
546 4083 656 4156 Λύκιςτ
680 4083 698 4120 *
720 4084 802 4161 λέγει
826 4083 914 4147 αὐτὸν
938 4085 987 4148 καὶ
1012 4083 1118 4150 Λύκον.
1154 4083 1263 4156 nossa:
1288 4084 1305 4121 *
1329 4081 1362 4149 εὖ
1376 4084 1453 4148 οὐδὲν
1469 4085 1600 4167 Φέρεται,

322 4218 472 4284 Laounas
505 4219 622 4284 statuit
652 4218 755 4285 Ruth.
805 4217 844 4282 In
877 4217 982 4284 altera
1006 4223 1117 4284 tamen
1140 4219 1257 4285 laouna
1280 4240 1364 4305 quae
1389 4219 1508 4286 omissa
1531 4240 1602 4285 esso

322 4319 466 4439 uessint,
498 4375 629 4441 prorsus
660 4374 728 4419 non
759 4374 927 4440 assequor,
961 4353 1023 4419 nisi
1054 4353 1118 4424 hio.
1140 4353 1270 4419 tabulae
1286 4369 1288 4374 ’
1302 4374 1422 4420 nomen
1449 4354 1602 4421 intentu

322 4489 431 4554 fuerit.
461 4489 566 4565 Quam
583 4491 806 4575 oonjooturam
823 4489 982 4575 repudio,
1006 4490 1084 4577 quia
1100 4489 1274 4556 scholiasta
1290 4490 1473 4558 fabularum
1491 4491 1603 4556 titulos

323 4645 488 4712 apponere
519 4611 585 4690 nou
620 4623 722 4708 solet,
755 4625 818 4689 nisi
854 4625 911 4690 ubi
949 4645 1061 4690 versus
1097 4625 1222 4711 aliquot
1250 4646 1293 4690 ex
1316 4626 1388 4712 ipsa
1411 4625 1472 4690 hao
1494 4625 1605 4690 fabula

325 4759 404 4825 citat
435 4760 640 4825 autiudicat
664 4759 751 4826 unde
775 4760 877 4825 verba
906 4760 993 4847 apud
1017 4760 1178 4826 nomicum
1202 4766 1351 4826 mutuata
1377 4761 1452 4827 siut.
1499 4760 1604 4835 Quam

325 4894 366 4959 ob
402 4915 471 4960 rem
501 4895 783 4983 transponendum
807 4916 878 4962 esse
903 4894 1015 4981 <lucos
1042 4896 1134 4969 Λύκις
1158 4897 1308 4977 κωμῳδίας
1332 4892 1506 4972 notavisset
1528 4893 1605 4980 otiis

324 5005 468 5111 φέρεται)
492 5032 528 5105 ὦς
551 5032 666 5113 ψυχρὸς
692 5030 881 5113 κωμῳδεῖται.

1490 5144 1504 5196 1
