4234 6059
1147 762 1190 833 84

527 992 580 1062 sit.
616 993 712 1061 Dixit
741 992 827 1060 enim
848 991 987 1081 janitor,
1018 1014 1067 1058 vs.
1093 994 1177 1057 799:
1202 992 1252 1056 καὶ
1278 992 1400 1065 κανόνας
1424 990 1620 1069 ἐξοίσουσι
1645 996 1680 1061 et
1703 992 1808 1082 paullo

325 1209 329 1216 ι
416 1145 421 1153 ’
526 1135 604 1196 ante
634 1129 818 1215 Aeschylus
849 1128 1068 1217 (Dionysus),
1098 1149 1145 1195 vs.
1174 1130 1277 1195 1365:
1314 1128 1361 1193 ἕτὶ
1385 1132 1450 1193 τὸν
1474 1127 1623 1214 crocala,
1644 1135 1808 1217 tamquam

527 1264 569 1331 de
592 1283 628 1330 re
658 1263 823 1351 praesenti
840 1264 875 1348 ¹).
902 1300 942 1313 -
968 1263 1058 1340 Quas
1092 1262 1133 1327 cb
1158 1283 1273 1328 causas
1297 1262 1361 1328 alia
1387 1262 1610 1351 explicatione
1634 1284 1717 1351 opus
1741 1287 1808 1332 esse

526 1398 689 1465 existimo.
725 1396 887 1486 Equidem
919 1397 965 1464 sic
996 1418 1133 1464 censeor
1165 1397 1265 1463 verba
1296 1396 1377 1464 baec
1410 1418 1481 1463 esse
1513 1397 1604 1463 chori
1628 1399 1696 1484 (vel
1720 1400 1808 1465 chori

525 1532 627 1618 ducis,
652 1539 689 1599 ut
703 1532 882 1599 arbitratur
900 1554 929 1599 v.
948 1532 1098 1617 Velsen)‚
1123 1532 1339 1599 admiratione
1356 1538 1527 1621 poetarum
1544 1536 1809 1622 perseverantiae

524 1668 660 1752 imbuti,
684 1670 739 1755 qui
763 1689 960 1755 quamquam
984 1667 1140 1751 diuturno
1163 1668 1342 1734 certamine
1360 1668 1431 1753 jam
1447 1667 1542 1751 lessi,
1567 1668 1609 1733 ad
1626 1668 1690 1734 boo
1706 1669 1808 1735 etiam

523 1802 774 1891 perpetiendum
797 1803 941 1891 prompti
964 1823 1001 1868 ac
1025 1802 1131 1890 parati
1155 1806 1249 1867 sunt:
1277 1801 1465 1887 „Profeetc,
1494 1802 1638 1871 tuborum
1650 1806 1810 1890 potientes

524 1945 599 2003 sant
621 1937 737 2003 docti.’'

570 2072 626 2137 Aa
647 2093 691 2137 cs.
715 2073 802 2136 1371
828 2092 898 2157 sqq.
937 2071 977 2137 In
1000 2071 1052 2137 bis
1076 2071 1226 2137 versibus
1251 2072 1345 2158 plura
1368 2076 1463 2155 sunt,
1487 2093 1572 2158 quae
1590 2072 1811 2159 suspicionem

523 2207 602 2272 mibi
638 2212 781 2273 movent.
828 2206 975 2272 Primum
1014 2206 1135 2271 haecce
1175 2206 1349 2271 verborum
1390 2207 1597 2292 conjunctio:
1641 2207 1706 2271 τάδε
1745 2210 1806 2285 γὰρ

523 2341 617 2420 ἕτερον
640 2339 680 2407 αὖ
703 2342 814 2427 ripae}
837 2392 936 2408 .....
961 2340 974 2406 ὃ
998 2344 1043 2412 τίς
1067 2340 1104 2405 ἂν
1127 2341 1279 2415 ἐπενόησεν
1302 2338 1413 2425 dacem
1436 2342 1514 2407 Vox
1530 2342 1615 2419 τέρας
1633 2347 1810 2430 usurpatur

525 2475 566 2542 de
601 2477 716 2563 quavis
751 2497 786 2542 re
822 2482 926 2542 extra·
951 2475 1127 2541 humanam
1162 2476 1323 2541 rationem
1355 2476 1520 2562 positast
1544 2476 1700 2560 mirifica,
1725 2497 1809 2563 quae

524 2611 612 2677 uude
634 2612 736 2679 cubito
760 2612 862 2677 oculis
886 2612 1006 2677 nostris
1028 2611 1230 2697 subjiciatur,
1247 2612 1443 2698 ignoramus.
1468 2610 1555 2677 Num
1571 2631 1689 2698 graece
1705 2611 1806 2697 igitur

525 2744 589 2811 dici
624 2747 743 2834 possit:
778 2748 893 2825 τέρας
928 2749 1120 2831 ἐπινοεῖν,
1149 2746 1335 2834 precipiam
1370 2748 1563 2833 eaccyitare,
1595 2746 1809 2812 vehementer

524 2879 650 2947 dubito.
696 2881 778 2947 Mihi
810 2880 942 2968 quidem
974 2880 1069 2947 valde
1101 2881 1164 2947 hcc
1195 2881 1347 2969 displicet
1378 2886 1429 2965 et,
1462 2880 1569 2968 siquid
1592 2881 1627 2945 in
1651 2901 1802 2946 sermone
1859 2934 1863 2943 .

523 3015 625 3081 sentit
648 3015 792 3100 animus,
818 3020 990 3104 tantopere
1007 3015 1110 3081 laedit
1127 3020 1164 3081 ut
1180 3016 1325 3103 spurium
1342 3036 1413 3081 esse
1429 3035 1500 3081 voc.
1516 3014 1602 3093 τέρας
1619 3014 1806 3101 conjiciam.

524 3150 619 3228 Quod
643 3151 731 3217 aliud
755 3152 996 3218 substantivum
1021 3157 1079 3217 aut
1098 3151 1298 3218 infinitivum
1314 3152 1386 3217 lccc
1403 3173 1461 3217 suo
1479 3149 1618 3216 movisse
1634 3149 1806 3238 probabile

522 3292 614 3374 puto.
661 3287 799 3375 Saepius
831 3289 918 3353 enim
949 3289 1120 3352 ἐπινοεῖσθαι
1155 3308 1272 3354 sensu:
1311 3288 1345 3354 ia
1369 3288 1510 3352 ocimum
1532 3284 1593 3351 sibi
1616 3284 1807 3370 inducendi,

522 3442 597 3486 oum
620 3422 783 3487 infinitivo
807 3421 1008 3488 construitur
1025 3424 1063 3507 2).
1111 3423 1180 3489 Nec
1206 3422 1384 3509 quidquam
1410 3420 1598 3487 offensionis
1622 3420 1806 3486 infinitivus

522 3555 640 3639 babet,
675 3557 732 3641 qui
755 3556 908 3639 frequens
932 3558 1040 3622 estin
1064 3556 1282 3623 admirantum
1306 3556 1360 3622 vel
1383 3555 1615 3643 indignantum
1640 3556 1804 3621 exclama·

523 3689 667 3756 tionibus
683 3690 724 3778 3).
749 3690 927 3757 Praeterea
944 3693 1043 3758 etiam
1060 3694 1223 3779 glossema
1240 3692 1380 3758 Suidae:
1404 3693 1533 3763 ατατίας
1551 3691 1648 3755 πλέαν
1664 3698 1806 3775 πρᾶγμα,

521 3824 754 3892 indicationem
788 3826 926 3893 fortasse
958 3828 1112 3915 praebet3
1148 3827 1255 3915 quod,
1292 3828 1320 3892 si
1354 3826 1442 3915 apud
1466 3832 1596 3913 poetam
1622 3825 1806 3892 infinitivus

526 3959 666 4047 legatur,
690 3961 847 4049 explicari
872 3963 984 4049 possit.
1022 3963 1111 4039 Quas
1131 3963 1173 4028 cb
1190 3984 1304 4029 causas
1320 3963 1464 4028 virorum
1480 3960 1652 4027 doctorum
1669 3960 1806 4029 arbitrio

520 4094 604 4162 hane
628 4118 733 4163 meam
757 4099 977 4183 conjecturam
1003 4099 1164 4184 subjicere
1189 4098 1311 4180 audeo,
1335 4098 1512 4186 legendum
1537 4118 1626 4164 esse:

536 4328 782 4341 bss———un

551 4508 580 4574 l)
598 4508 691 4560 Obiter
711 4510 859 4560 notandum
883 4514 923 4560 est
940 4510 1031 4560 minus
1048 4514 1121 4560 recte
1138 4510 1221 4576 igitur
1237 4514 1296 4572 post
1313 4522 1350 4559 vs.
1368 4506 1435 4559 1369
1452 4506 1641 4557 Leeuwenium
1659 4505 1806 4557 addidisse:

521 4602 656 4668 ’,Ministri
673 4602 805 4652 bilancem
823 4602 959 4668 ingentem
977 4603 1005 4652 in
1023 4617 1103 4653 scena
1121 4602 1275 4655 collocant.’'

551 4694 579 4760 2)
596 4694 624 4745 Ε.
646 4710 670 4761 g.
693 4693 764 4747 Nub.
787 4709 824 4746 vs.
845 4692 924 4761 10393
949 4694 1055 4746 Thesm.
1082 4710 1118 4746 vs.
1142 4694 1204 4761 3383
1229 4695 1316 4761 Equit.
1341 4708 1392 4745 vss.
1417 4692 1467 4743 884
1484 4692 1543 4759 (ubi
1560 4692 1637 4745 facile
1654 4690 1807 4743 infinitivus

517 4787 680 4853 suppletur),
698 4782 773 4839 lucu.
894 4838 898 4842 ,

550 4880 578 4946 3)
596 4880 634 4933 cf.
656 4895 693 4932 vs.
717 4880 778 4945 lun
802 4882 849 4933 llv.
872 4896 922 4934 vsa.
944 4880 972 4946 5,
996 4881 1019 4941 73
1038 4882 1114 4947 Vesp.
1139 4897 1176 4934 vs.
1196 4882 1259 4948 8353
1277 4882 1347 4935 Nub.
1365 4896 1416 4934 vss.
1434 4881 1498 4946 268,
1517 4879 1666 4946 8193P1ut.
1685 4893 1723 4931 vs.
1740 4878 1804 4941 5933

516 4975 585 5027 Eccl.
608 4989 647 5025 vs.
669 4971 725 5037 78‘l;
750 4974 811 5025 Eur.
836 4972 901 5026 bled.
925 4989 963 5025 vs.
986 4973 1065 5039 105u;
1092 4974 1171 5040 Soph.
1195 4976 1236 5039 Aj.
1258 4990 1295 5028 vs.
1313 4976 1375 5039 le;
1393 4976 1486 5027 besola
1505 4974 1582 5026 Eum.
1600 4988 1637 5024 vs.
1654 4972 1719 5037 84ος
1738 4972 1807 5024 lleu.

516 5068 575 5134 Cyr.
597 5068 632 5118 ll.
648 5066 677 5132 2,
695 5065 724 5132 33
742 5067 820 5134 Verg.
837 5067 902 5119 Aen.
921 5068 941 5120 l.
958 5067 998 5133 37,
1016 5067 1056 5134 97,
1074 5068 1125 5133 xl,
1143 5066 1201 5119 269.
