4234 6059
1117 687 1160 751 26

498 907 618 994 inisse,
652 915 690 974 ut
723 909 812 998 prior
846 930 933 976 nunc
963 909 1151 996 incesserit,
1186 911 1222 975 in
1256 915 1401 977 mentem
1438 911 1468 976 ei
1503 911 1641 981 venerit.
1691 913 1785 990 Quas

499 1045 665 1112 molestias
689 1046 804 1113 tollere
823 1066 1009 1134 possumus,
1036 1045 1235 1134 transposita
1251 1051 1379 1112 tantum
1396 1048 1524 1136 virgula
1540 1053 1617 1115 ante
1636 1049 1782 1128 πρότερον,

499 1185 536 1250 ut
559 1186 733 1248 annotator
757 1181 843 1247 dicat
867 1204 885 1250 e
910 1182 1019 1249 verbis
1040 1181 1183 1248 laudatis
1199 1182 1308 1270 colligi
1324 1204 1437 1271 posse,
1464 1183 1646 1271 Dionysum
1664 1183 1777 1251 denuo

498 1316 676 1404 procedere
699 1338 771 1384 cum
795 1318 905 1407 paullo
930 1323 1007 1384 ante
1033 1324 1108 1406 post
1131 1317 1335 1384 sacerdotem
1358 1318 1519 1385 latuisset.
1544 1319 1584 1388 cl.
1609 1320 1711 1388 schol.
1737 1320 1779 1386 ad

498 1474 545 1519 vs.
571 1455 635 1519 297
661 1450 786 1542 (Diibn.
811 1477 843 1543 p.
872 1455 949 1520 283.
974 1456 1041 1539 36).
1088 1453 1242 1520 Ceterum
1288 1475 1430 1520 errorem
1466 1455 1660 1523 scholiastae
1695 1459 1780 1524 male

498 1588 700 1658 sacerdotem
717 1611 775 1678 pro
792 1589 922 1656 fabulae
938 1611 1078 1679 persona
1093 1589 1245 1657 habentis
1262 1590 1411 1656 certatim
1428 1591 1570 1658 editores
1582 1593 1778 1659 refutarunt.

542 1723 647 1794 Sobel.
670 1726 751 1791 Rae.
776 1725 820 1793 ed
841 1747 885 1793 vs.
910 1727 986 1792 303.
1014 1725 1109 1807 ὥσπερ
1131 1725 1296 1808 Ἡγέλοχος
1320 1741 1397 1792 κτλπ
1423 1724 1600 1812 Ἡγέλοχος,
1615 1728 1780 1809 τραγῳδίας
1820 1765 1823 1768 <

499 1861 650 1941 ὑποαριτῆς
680 1858 710 1926 ὃν
740 1860 789 1926 καὶ
821 1864 851 1927 έν
882 1864 923 1944 τῷ
951 1861 1077 1946 Ὀρέσοη
1109 1861 1261 1944 Εὑριπιῆου
1292 1861 1442 1944 (φασὶ)
1465 1863 1676 1944 προεκστοὶνπος
1700 1866 1780 1946 αὐτῷ

499 2132 684 2217 (αἰφνιδίως
707 2135 829 2216 δφέῆναι
852 2133 1010 2201 συνελόντα
1034 2135 1087 2209 τῆν
1110 2134 1336 2216 συναλοιφῆν).

542 2266 627 2335 (ium
650 2269 830 2336 Fritzsohio
853 2268 1064 2350 necessarimm
1088 2290 1146 2357 pro
1171 2267 1347 2350 προστάντος
1371 2269 1500 2358 scripsit
1516 2270 1639 2356 Rutu,
1665 2272 1781 2339 ultima

499 2427 540 2470 ex
570 2405 655 2472 Ven.
690 2405 864 2494 supplerit.
896 2405 1041 2472 Verbum
1074 2410 1184 2471 tamen
1211 2407 1332 2487 ὀφθῆναι
1356 2407 1391 2471 in
1414 2405 1476 2472 boc
1500 2411 1659 2473 contextu
1683 2407 1781 2474 valde

498 2540 578 2608 mihi
603 2540 763 2630 displicet.
809 2542 953 2610 Textum
978 2541 1101 2629 optime
1113 2542 1185 2628 jam
1202 2541 1390 2608 emendavit
1406 2542 1533 2609 Mehler
1545 2541 1590 2628 l),
1615 2543 1676 2607 nisi
1693 2541 1782 2628 quod

499 2698 614 2765 parum
643 2677 813 2765 probabile
840 2698 899 2766 pro
923 2675 1101 2756 accersimur
1125 2639 1283 2766 proponit¹
1304 2679 1470 2764 accitasse,
1495 2676 1718 2744 restituendo:
1743 2682 1782 2744 οὐ

442 2877 445 2881 ,
499 2815 653 2893 φθῆναι.
695 2813 789 2889 Quod
814 2813 914 2880 etiam
937 2817 1030 2901 patet
1054 2834 1097 2879 ex
1122 2813 1222 2880 schol.
1248 2813 1288 2878 ad
1312 2814 1388 2880 Eur.
1414 2813 1467 2882 Or.
1494 2835 1540 2880 vs.
1566 2791 1650 2880 2'69:
1751 2818 1782 2881 οὐ

499 2949 559 3027 γαρ
589 2949 750 3031 φέοέσαντα
774 2949 876 3014 διελεῖν
900 2950 951 3024 τῆν
975 2949 1153 3030 συναλοιφῆν
1178 2964 1244 3013 νπλ.
1270 2949 1338 3034 (ubi
1361 2970 1420 3038 pro
1443 2952 1474 3015 οὐ
1499 2948 1707 3015 scribendum
1731 2954 1782 3015 cst

499 3084 535 3150 ὃν
559 3089 616 3150 aut
638 3106 697 3174 pro
721 3085 823 3150 διελεῖν
847 3083 1086 3151 restituendum
1111 3085 1313 3168 συνελεῖν.)
1348 3083 1444 3161 Quod
1461 3084 1564 3154 Ruth.
1582 3085 1698 3151 vertit:
1719 3137 1726 3153 .
1744 3134 1780 3152 ..

498 3242 563 3286 coac
592 3221 641 3287 all
675 3228 709 3286 at
738 3242 811 3286 onec
840 3220 985 3286 obaereed
1015 3227 1045 3287 to
1076 3221 1154 3289 leave
1184 3220 1365 3307 completely
1393 3221 1547 3308 eeylected
1575 3221 1627 3287 tte
1651 3221 1780 3304 elisios,

498 3356 532 3421 id
557 3362 607 3422 est
630 3355 672 3423 de
695 3378 753 3423 suc
777 3356 975 3422 sententiam
999 3356 1107 3422 verbis
1130 3331 1262 3440 indere,
1288 3377 1354 3422 non
1377 3356 1596 3446 interpretari.

543 3493 584 3560 ib.
608 3492 732 3578 (Dribn.
757 3514 788 3580 p.
814 3494 890 3560 284.
918 3493 971 3576 15)
995 3489 1037 3556 ὅτι·
1069 3491 1233 3573 Ἡγέλοχος
1248 3543 1346 3560 .....
1371 3492 1442 3558 οὕτω
1474 3493 1672 3573 προηνέγκατο
1705 3490 1780 3557 ὥστε

499 3632 541 3708 μῆ
565 3630 753 3710 ὑποχωρῆσαι
777 3629 810 3693 ἐκ
833 3638 884 3704 τῆς
909 3635 1088 3712 συναλοιφῆς
1112 3629 1144 3694 τὸ
1166 3631 1305 3714 γαληιοέ,
1339 3631 1422 3694 οὶλλοὶ
1447 3629 1628 3710 διαχωρῆσαι
1650 3631 1780 3707 μᾶλλον,
1878 3627 1881 3632 ’

499 3762 573 3830 ὥστε
596 3762 676 3841 δόξαι
699 3766 751 3840 τῆν
774 3772 873 3842 γαλῆν
896 3765 985 3830 αὐτὸν
1008 3766 1108 3855 aiecio.

545 3900 761 3966 Scholiastam
801 3902 883 3966 haec
924 3900 991 3966 fere
1034 3900 1177 3966 voluisse
1218 3902 1340 3988 liquet:
1381 3879 1608 3989 Hegelochum
1643 3901 1780 3968 elisione

500 4036 667 4122 neglecta,
698 4037 719 4103 i.
744 4058 773 4105 e.
798 4036 965 4103 vocabulis
988 4036 1165 4125 separatis,
1197 4046 1296 4114 γαλῆν
1320 4039 1550 4126 pronuntiasse
1573 4059 1631 4126 pro
1656 4037 1777 4114 γαλήν’.

499 4171 667 4240 Attamen
692 4173 792 4245 verba
822 4194 902 4240 sana
930 4194 1002 4239 esse
1032 4193 1127 4260 nego.
1152 4173 1304 4260 Corrige:
1340 4171 1382 4238 dre
1406 4176 1570 4254 Ἡγέλοχος
1585 4222 1683 4242 .....
1708 4171 1780 4238 οὕτω

500 4308 696 4385 προηνέγκατο
733 4309 773 4374 πὸ
807 4277 963 4387 γαληνὰ
994 4308 1069 4398 ὥστε
1096 4312 1138 4386 μῆ
1165 4319 1425 4391 συγχωρῆσαι
1450 4311 1480 4374 ἕκ
1505 4317 1557 4382 τῆς
1582 4315 1779 4392 συναλοιφῆς,

499 4441 583 4506 ἄλλα
614 4457 699 4521 κτλ,
731 4443 752 4510 i.
770 4465 798 4510 e.
836 4443 919 4525 Quia
948 4443 1145 4531 Hepelceleua
1171 4465 1233 4512 οοο.
1274 4444 1433 4522 γαληιοὶ
1466 4446 1513 4510 ita
1530 4429 1780 4531 pronuntiavit,

500 4585 536 4644 set
568 4577 697 4646 elisione
730 4600 794 4645 νιοιι
827 4581 862 4646 ιἰο
895 4601 994 4646 enum
1028 4581 1277 4664 confunderetur
1311 4581 1396 4666 (cem
1428 4602 1490 4647 οοο.
1522 4581 1690 4668 sequenti),
1726 4579 1781 4644 ced

533 5012 562 5076 1)
580 5011 706 5065 binemus.
723 5012 756 5073 N.
775 5013 801 5063 S.
822 5012 863 5063 VI.
881 5027 905 5088 p.
922 5011 980 5074 402,
