4234 6059
1119 706 1162 768 22

380 987 384 995 .
498 951 681 1014 sumamus,
712 928 862 1016 intellegi
893 948 959 995 non
990 947 1097 1014 posse.
1144 925 1246 1012 Cujus
1269 925 1432 1016 opinionis
1455 925 1601 994 rationes
1625 948 1678 994 me
1701 929 1792 995 satis

499 1087 566 1133 non
596 1064 781 1154 perspicere
811 1063 953 1130 libenter
977 1062 1146 1130 confiteor.
1184 1060 1322 1129 Accedit
1346 1061 1451 1150 quod,
1475 1062 1536 1128 hac
1560 1063 1792 1152 explicatione

498 1201 657 1286 admissa,
692 1205 874 1266 statuamus
908 1220 1043 1267 necesse
1078 1205 1129 1267 est
1162 1199 1346 1287 Dionysum
1375 1221 1417 1265 ex
1442 1220 1505 1285 quo
1530 1220 1626 1266 ranas
1649 1200 1786 1289 pulsare

499 1338 694 1427 incipiebat,
717 1337 877 1425 remigare
902 1335 1037 1402 desiisse
1050 1336 1086 1422 ¹).
1124 1334 1299 1414 Attamen,
1327 1356 1371 1402 vs.
1390 1337 1472 1419 268,
1490 1336 1600 1403 subito
1617 1335 1657 1401 ad
1677 1337 1786 1424 ripam

500 1473 687 1541 ulteriorem
710 1473 950 1563 pervenerunt!
996 1470 1132 1537 Minime
1156 1475 1267 1537 autem
1290 1471 1499 1559 perspicuum
1523 1470 1603 1536 mihi
1627 1477 1678 1539 est
1702 1472 1784 1559 quid

500 1610 648 1689 Charon,
673 1609 747 1697 qui,
771 1613 808 1675 ut
830 1630 859 1675 v.
876 1609 1043 1674 Leeuwen
1059 1579 1129 1693 ipse
1145 1605 1253 1672 locum
1269 1605 1517 1694 interpretatur,
1535 1627 1636 1673 unum
1655 1613 1784 1675 tantum

500 1767 625 1812 remum
658 1744 766 1827 ducit,
801 1763 860 1831 per
893 1742 955 1808 hoc
985 1743 1120 1829 longum
1147 1741 1303 1829 temporis
1328 1742 1470 1828 spatium
1493 1741 1618 1810 fecerit.
1664 1742 1780 1830 Neque

501 1881 604 1968 magis
637 1879 766 1946 Koakio
799 1878 974 1964 assentior,
1010 1878 1067 1965 qui
1090 1877 1132 1944 ad
1155 1899 1202 1944 vs.
1228 1879 1311 1944 253:
1349 1876 1427 1941 θεινθ
1451 1877 1479 1942 τ’
1502 1876 1560 1958 ripa
1584 1877 1782 1958 πεισόμεσθα,

501 2019 643 2105 glossam
679 2015 874 2081 scholiastae
909 2014 1091 2082 Victoriani
1132 2017 1282 2098 secutus,
1308 2016 1463 2080 annotat:
1502 2013 1664 2096 ,nitmlieh
1689 2035 1783 2082 wenn

502 2153 545 2219 du
587 2173 649 2217 uns
685 2152 725 2240 ,in
768 2171 899 2217 unserm
941 2148 1095 2236 Gasange
1130 2153 1242 2215 stdren
1276 2146 1415 2214 willstssl
1442 2185 1483 2197 -
1519 2150 1640 2215 Totum
1674 2150 1783 2234 locum

502 2293 669 2355 certamen
703 2307 776 2353 esse
807 2283 969 2353 coaxandi
997 2285 1085 2350 inter
1118 2305 1213 2350 ranas
1245 2289 1280 2350 et
1302 2284 1485 2371 Dionysum
1509 2285 1680 2373 probabile
1704 2286 1784 2352 mihi

502 2423 646 2508 videtur,
677 2423 713 2488 in
743 2443 807 2510 quo
831 2426 997 2510 postremo
1021 2420 1077 2487 ille
1102 2440 1197 2486 ranas
1221 2420 1417 2486 clamoribus
1441 2421 1508 2486 suis
1532 2426 1676 2509 superat.
1722 2421 1784 2488 Oui

503 2559 691 2626 sententiae
734 2578 781 2625 vs.
818 2559 996 2623 262-268
1030 2557 1236 2622 luculentum
1273 2561 1502 2643 argumentum
1537 2555 1658 2624 addere
1694 2563 1784 2646 puto.

505 2695 609 2772 Quam
626 2694 667 2760 ob
684 2715 815 2761 oausam
830 2691 1070 2782 iniquissimum
1086 2691 1233 2779 Dionyso
1249 2690 1438 2777 hujusmodi
1455 2698 1621 2758 certamen
1637 2692 1785 2760 futurum

509 2835 614 2917 esset,
650 2835 688 2895 ut
722 2829 889 2896 Fritnsche
925 2827 1113 2912 contendit,
1149 2848 1216 2893 non
1250 2825 1366 2911 video;
1400 2827 1435 2892 in
1469 2828 1598 2894 theatro
1630 2850 1690 2895 nos
1714 2849 1786 2908 esse

505 2967 691 3034 meminisse
715 2970 854 3053 oportet.
900 2965 1017 3052 Neque
1039 2963 1202 3030 inficetior
1224 2963 1306 3029 haec
1331 2983 1428 3029 scena
1451 2963 1499 3029 ita
1521 2963 1576 3050 fit,
1601 2964 1680 3031 talia
1698 2965 1785 3032 enim

505 3103 603 3170 hodie
628 3123 776 3190 quoque,
807 3099 1000 3189 praesertim
1023 3101 1057 3165 in
1089 3099 1237 3184 circis,
1268 3097 1448 3165 identidem
1473 3103 1663 3187 spectantur
1686 3091 1785 3187 atque

506 3240 606 3306 risum
629 3242 772 3304 movent.
798 3276 839 3286 -
863 3237 968 3303 Recte
994 3236 1113 3303 deinde
1128 3235 1258 3317 οἰμώζετ’
1275 3256 1321 3302 vs.
1339 3236 1402 3301 257
1419 3234 1516 3300 Koch
1531 3233 1775 3323 interpretatur:

506 3374 671 3441 Krdcbzet
689 3373 736 3458 (d.
754 3373 784 3439 b.
802 3372 945 3458 Koaret)
960 3372 1155 3456 immersort,
1179 3373 1200 3437 i.
1219 3393 1246 3439 e.
1272 3372 1308 3458 ej
1319 3370 1474 3456 uletis;
1499 3371 1583 3438 male
1599 3371 1782 3439 Fritnsche:

510 3509 711 3597 ,copulate'’,
741 3528 912 3596 perperam
944 3527 1073 3596 quoque
1098 3529 1171 3573 mea
1194 3505 1327 3594 quidem
1351 3507 1518 3573 sententia
1546 3530 1576 3576 r.
1601 3509 1786 3575 Leeuwen:

511 3648 655 3730 ,utinam
685 3645 767 3709 mate
797 3641 1017 3730 dispereatis”,
1050 3642 1106 3729 qui
1130 3641 1170 3709 ad
1196 3643 1350 3721 rorbach
1374 3642 1613 3724 γθρμσιμὲλει
1639 3643 1787 3730 supplet:

508 3784 596 3859 ὑμῶν.
643 3779 861 3868 Respondent
884 3800 961 3846 vero
985 3797 1104 3845 ranae:
1128 3779 1213 3844 θλλθι
1237 3780 1295 3857 μὴν
1320 3777 1539 3860 κεκραξόμεσθθ
1563 3778 1607 3863 γ’,
1624 3783 1663 3844 ut
1677 3777 1789 3868 potius

508 3941 582 3985 oum
617 3889 688 3986 aliis
724 3917 893 4006 suppleas:
937 3925 989 3991 σῆς
1027 3915 1169 3996 ὑμετέρας
1206 3924 1347 3997 κραυγῆς.
1371 3915 1487 3982 -Ut
1521 3919 1666 3982 revortar
1701 3913 1789 3981 unde

508 4055 672 4142 digressus
696 4076 786 4139 sum,
810 4052 1004 4118 scholiastae
1028 4051 1190 4117 assentior
1212 4051 1254 4118 ad
1276 4072 1324 4120 ve.
1350 4052 1414 4117 253
1432 4051 1622 4118 cunctanti:
1648 4051 1790 4127 πάθοιμεν

509 4190 546 4255 :a
580 4193 611 4254 ἐκ
645 4197 698 4263 ris
733 4189 825 4275 βοῆς,
849 4189 871 4256 i.
896 4211 925 4257 e.
960 4209 1046 4254 aecus
1070 4188 1157 4254 nobis
1180 4188 1291 4273 cadet,
1316 4189 1393 4274 quia
1418 4187 1671 4271 vociferabimcr,
1695 4185 1791 4252 donec

509 4326 742 4411 dirumpemur.
788 4325 920 4412 Optime
956 4325 1055 4391 etiam
1093 4345 1179 4390 nuno
1218 4322 1381 4411 quadrant
1421 4345 1503 4411 quae
1537 4323 1702 4411 Dionysus
1725 4343 1792 4389 res·

410 4530 415 4537 ,
508 4458 650 4549 pendet:
686 4458 883 4539 δεινότερα
906 4459 931 4523 δ’
957 4459 1083 4538 ἔγωγ’,
1108 4458 1281 4526 ε’λσιθιωι
1302 4460 1307 4544 Ι
1328 4460 1359 4524 εἰ
1384 4458 1715 4541 θισιρρσιμθσσμσιι.

555 4594 659 4660 Sobel.
683 4595 764 4662 Rae.
788 4594 832 4659 ad
853 4615 897 4661 oa.
921 4597 998 4661 259.
1033 4597 1050 4670 ἡ
1074 4593 1214 4674 etpost:
1240 4598 1365 4670 θηλυκῶς
1390 4595 1442 4668 τὴν
1465 4593 1592 4676 (aalma
1616 4593 1709 4671 λέγει.

544 4935 572 5000 l)
590 4935 664 4995 Quod
682 4919 781 4999 etipse
797 4949 820 4985 r.
838 4933 968 4985 Leeuwen
986 4935 1157 5000 comprobare
1174 4936 1290 5001 ridetur,
1312 4936 1358 5001 qui
1375 4939 1435 5000 post
1453 4949 1489 4986 vs.
1502 4933 1552 4989 268
1566 4937 1690 4986 annotat:
1708 4933 1791 4999 „Per-

511 5033 578 5096 guut
595 5029 773 5096 remigando'.
792 5027 830 5078 Cl.
848 5027 1024 5080 Fritzschium
1042 5029 1075 5079 ad
1094 5043 1129 5081 ve.
1147 5028 1204 5081 ast.

1955 706 1967 897 i,

1959 936 1974 1175 ἶ

1978 1983 1980 2110 ι
