4234 6059
953 711 995 776 87

332 953 396 1019 que
427 932 630 1019 neglectam,
665 931 831 999 inveniv.
857 932 1196 1018 el.Herwerdeni1).
1232 934 1380 1001 Verbum
1412 937 1519 1001 τίκτειν
1553 959 1619 1004 non

331 1088 406 1133 raro
442 1067 601 1133 translate
636 1066 677 1133 de
711 1068 836 1155 ingenii
871 1067 1014 1134 foetibus
1049 1068 1084 1133 in
1120 1090 1180 1136 usu
1213 1090 1284 1135 esse
1318 1070 1488 1156 observat,
1512 1074 1619 1138 τίκτειν

331 1203 432 1290 aean,
463 1202 586 1280 λόγους,
623 1202 725 1280 adurae
762 1201 818 1291 (of.
843 1225 890 1271 vs.
919 1205 1037 1289 1059),
1071 1203 1158 1290 quod
1190 1209 1382 1293 reputantes
1405 1206 1614 1293 interpretari

331 1360 392 1404 nos
408 1359 521 1426 posse:
546 1338 732 1403 δυστοκεῖ
751 1340 817 1412 τὴν
842 1339 1012 1416 γνώμαισι
1037 1338 1214 1427 difficulter
1229 1339 1361 1423 (certum
1377 1340 1414 1404 de
1438 1341 1618 1428 Alcibiade)

324 1480 421 1562 parit
443 1476 644 1557 sententiam,
672 1474 694 1541 i.
720 1495 747 1539 e.
771 1473 848 1560 quid
873 1474 914 1540 de
939 1495 978 1540 eo
1003 1474 1126 1541 sentire
1150 1474 1270 1540 debeat
1294 1474 1350 1541 vix
1375 1475 1467 1541 novit
1490 1448 1615 1545 civitas.

330 1609 477 1696 Eamque
500 1609 603 1696 ipsam
629 1609 671 1674 ob
695 1629 825 1675 oausam
850 1610 1033 1697 Dionysum
1048 1610 1137 1676 viros
1153 1608 1338 1699 sapientes,
1362 1611 1563 1698 Aeschylum
1581 1619 1614 1678 et

331 1744 540 1832 Euripidem,
572 1764 704 1832 rogasse
736 1744 814 1830 quid
849 1744 889 1811 de
914 1745 971 1810 illo
995 1745 1150 1811 sentiant.
1176 1782 1219 1794 -
1244 1745 1298 1811 sie
1322 1766 1433 1812 veram
1456 1746 1518 1811 looi
1543 1768 1615 1813 sen·

331 1880 468 1945 tentiam
491 1880 547 1945 ille
571 1880 694 1967 primus
718 1879 921 1964 enucleavit,
947 1901 1000 1946 me
1020 1878 1149 1965 judioe.
1508 1842 1512 1851 .

375 2014 479 2083 Sodroi.
515 2016 596 2083 Rae.
632 2016 676 2080 ad
710 2036 752 2081 oe.
784 2017 884 2082 1427.
918 2021 994 2090 αεσῶ
1030 2016 1152 2090 πολίτην
1187 2030 1278 2082 καὶαι
1313 2016 1389 2092 αὕτη
1420 2016 1571 2098 Εὐριπίδου
1598 2020 1614 2093 ἡ

330 2150 433 2227 γνώμη
456 2152 498 2227 μὴ
522 2150 741 2231 καταδέχεσθαι
765 2148 894 2231 ἐφάπαξ
916 2149 1123 2227 Ἀλκιβιάδην.
1147 2153 1148 2156 ’

375 2285 489 2352 Taoite
524 2285 624 2351 Dind.
649 2291 683 2352 et
706 2287 815 2353 Dubn.
841 2284 1032 2352 ediderunt:
1056 2284 1260 2371 καθάπαξ,
1288 2307 1371 2371 quae
1394 2285 1493 2352 leotio
1518 2285 1613 2353 valde

331 2420 410 2486 mihi
438 2420 570 2490 arridet.
594 2421 754 2506 καθάπαξ,
779 2422 971 2509 praesertim
997 2441 1072 2486 eum
1096 2420 1272 2507 negatione
1296 2423 1524 2507 conjunctum,
1550 2422 1613 2508 sig·

332 2556 444 2622 nificat
459 2556 545 2644 quod
562 2557 615 2621 hio
631 2558 823 2645 requiritur,
848 2557 991 2640 omuino,
1010 2576 1148 2642 prorsus
1161 2557 1205 2640 2);
1230 2554 1359 2638 ἐφάπαξ
1374 2561 1485 2622 autem
1502 2556 1603 2623 valet:

331 2691 362 2755 εἱ
372 2693 479 2756 σάτα
489 2691 522 2770 ξ,
547 2694 649 2776 semel,
665 2713 734 2757 aens
749 2694 868 2775 oooral,
886 2697 923 2757 ut
938 2713 998 2757 nos
1013 2692 1177 2778 loquimur
1189 2690 1225 2776 ³),
1242 2690 1295 2757 vel
1311 2690 1398 2779 apud
1415 2692 1609 2757 numeralia:

329 2827 426 2892 simul
437 2828 475 2911 4).
501 2866 542 2876 -
562 2828 715 2894 Fortasse
731 2848 774 2893 ex
789 2826 832 2891 ἐτ’
849 2825 952 2911 drab,
977 2826 1065 2914 quod
1082 2826 1219 2892 exhibet
1234 2824 1305 2892 eod.
1322 2826 1417 2910 Rau,
1435 2828 1609 2913 procrevit.

375 2959 479 3029 Schol.
514 2963 594 3029 Rae.
630 2963 674 3027 ad
706 2984 750 3028 oe.
784 2964 885 3031 1431.
920 2964 951 3027 oi
982 2963 1041 3044 χρὴ
1064 2961 1176 3034 λέοντας
1199 2976 1282 3026 aaa:
1418 2960 1492 3027 ὥστε
1516 2963 1529 3026 ὁ
1554 2962 1609 3038 μὲν

329 3097 485 3177 Εὐριπίδης
526 3098 770 3177 συμβεβούλεακε
811 3099 853 3175 μὴ
888 3098 1025 3179 δέχεσθαι
1065 3097 1147 3183 (soil.
1184 3098 1231 3161 τὸν
1266 3096 1490 3181 Ἀλκιβιάδην),
1535 3096 1548 3161 d
1580 3096 1609 3160 δὲ

328 3234 481 3316 Αἰσχύλος
514 3235 650 3310 τααύσκκ
686 3235 751 3300 τινα
781 3233 923 3313 διάνοιαν,
958 3233 975 3309 ἢ
999 3234 1042 3310 μὴ
1066 3230 1285 3309 καταδέξασθαι
1310 3232 1326 3307 ἢ
1350 3230 1608 3309 καταδεξααέκους

329 3377 522 3453 τρσπσφσσεῑκ.

374 3506 477 3573 Ruth.
502 3506 618 3572 ultima
640 3505 765 3573 reddit:
800 3506 938 3570 whereas
962 3504 1139 3591 Aeschylus
1163 3504 1303 3569 couaeals
1325 3523 1407 3568 soma
1428 3501 1506 3567 euch
1524 3503 1609 3589 plora

328 3663 368 3739 ae*
392 3642 522 3708 this-
547 3642 617 3707 that
644 3642 715 3729 they
739 3640 855 3707 should
878 3648 934 3705 aot
957 3640 1029 3704 take
1053 3639 1119 3705 him
1142 3638 1230 3705 back.
1255 3638 1395 3704 Leontio
1419 3658 1497 3703 vero
1521 3662 1609 3711 συα-

327 3777 538 3853 βσσλεύεκκ
571 3777 747 3842 διάνοιαν
783 3798 861 3843 num
897 3797 1051 3863 umquam
1083 3795 1235 3862 graemm
1259 3774 1373 3858 fuerit,
1410 3793 1608 3861 magnopere
1709 3778 1710 3781 ’

328 3911 496 3987 addubito.
534 3913 705 3999 Significat
733 3912 840 3977 δστὶκσκα
864 3912 973 3998 (sing.)
999 3932 1065 3977 non
1090 3914 1157 3975 tam
1182 3909 1344 3997 obJ'eotive
1368 3910 1418 3992 (ut
1442 3907 1503 3973 hae
1528 3928 1607 3973 vooe

328 4049 432 4134 utar):
467 4049 650 4131 eonsilium,
684 4069 782 4135 quam
817 4048 1015 4134 subjective:
1051 4046 1216 4133 capitatio,
1246 4044 1456 4131 propositum.
1500 4041 1608 4119 Quare

328 4183 567 4251 restituendum
603 4183 750 4251 videtur:
776 4231 887 4251 .....
912 4184 924 4247 ὁ
959 4182 989 4247 δὲ
1025 4180 1177 4262 Αἰσχύλος
1213 4180 1346 4255 τοιαύταν
1383 4180 1449 4244 τινα
1484 4177 1608 4244 travam

360 4627 389 4692 1)
405 4628 494 4679 Herm.
511 4627 545 4678 24
562 4643 587 4692 p.
605 4626 661 4679 636.

359 4723 388 4787 2)
405 4722 443 4773 ct.
466 4722 541 4773 Hom.
565 4721 613 4773 Od.
637 4722 712 4787 XXI,
732 4721 793 4787 3495
816 4722 1042 4787 Demosth.X1X,
1063 4722 1124 4791 1183
1144 4724 1198 4776 Pol.
1217 4724 1242 4787 1,
1260 4722 1284 4773 2.
1301 4722 1331 4788 6,
1349 4721 1390 4775 38.
1407 4721 1435 4787 53
1458 4721 1533 4771 Dion.
1551 4720 1608 4772 Hel.

327 4816 377 4881 Vl,
395 4832 419 4882 p.
437 4815 493 4867 161.

360 4909 388 4973 3)
406 4908 444 4961 ct
461 4909 495 4961 N.
512 4909 540 4962 T.
558 4911 633 4961 Rom.
650 4909 679 4976 6,
697 4909 838 4974 10311eor.
856 4909 879 4974 7,
896 4909 939 4975 273
958 4909 986 4974 9,
1006 4911 1051 4976 123
1070 4910 1115 4975 10,
1134 4910 1174 4962 10.

360 5003 388 5075 1)
406 5002 444 5056 Cf.
461 5005 508 5056 Dio
526 5003 598 5056 Cass.
615 5004 654 5057 66.
672 5004 712 5072 17,
729 5003 770 5056 69.
788 5004 816 5071 8;
835 5004 867 5055 N.
886 5004 914 5057 T.
936 5005 947 5056 l
967 5003 1025 5057 Cor.
1042 5005 1088 5069 15,
1107 5004 1132 5057 6.
