4234 6059
954 773 993 847 19

331 1001 412 1077 haec
436 1001 622 1096 corruptela
645 1013 696 1074 est
718 1008 904 1095 explicatu,
929 1009 1006 1095 quia
1030 1029 1128 1096 saepe
1148 1009 1182 1074 in
1199 1009 1293 1077 codd.
1311 1011 1424 1076 literae
1442 1037 1461 1076 τ
1478 1017 1512 1077 et
1528 1037 1540 1077 ι
1557 1013 1612 1079 vix

332 1146 590 1232 distinguuntur.
615 1143 716 1230 Cujus
740 1144 787 1208 rei
812 1143 1000 1230 exemplum
1024 1143 1160 1230 praebet
1184 1144 1284 1210 schol.
1311 1148 1363 1211 62.
1383 1147 1613 1234 —Templum

332 1281 385 1347 hia
408 1280 589 1348 indicatum
613 1283 774 1345 memorat
796 1279 900 1347 Thuc.
925 1279 970 1346 ΙΙ.
997 1281 1048 1345 15.
1073 1283 1103 1347 4.

298 1415 301 1420 ’
377 1416 483 1486 Sobel.
517 1417 598 1482 Rae.
634 1415 677 1481 ad
710 1436 753 1482 ee.
789 1417 867 1483 218.
914 1424 972 1489 ταῖς
1008 1416 1103 1495 ἱεροῖσι
1131 1415 1279 1496 χύτροισιι
1311 1417 1413 1498 χύτραι
1442 1419 1521 1498 ἓιρτίρ
1545 1418 1615 1498 παρ’

331 1553 502 1629 Ἀθηναίοις·
527 1550 638 1629 ύγεται
661 1550 691 1615 δὲ
715 1551 798 1630 ιταρύι
821 1550 933 1626 ταύτην
956 1552 1008 1626 τὴν
1028 1551 1136 1636 αἰτίαν,
1153 1549 1185 1625 ἣν
1205 1551 1254 1616 καὶ
1275 1552 1449 1630 Θεύτιριιτος
1470 1554 1614 1619 ἐκτίθεται

331 1687 456 1771 γρύφιιι
485 1685 590 1761 odacro:
621 1687 642 1728 ll
672 1686 864 1759 διασωθέντας
887 1680 933 1752 οὖν
955 1686 1022 1758 τοὺς
1045 1687 1204 1768 ἀνθρώπους
1229 1684 1302 1768 ᾖτερ
1325 1684 1480 1768 ε’ύιύρριρται
1504 1690 1614 1774 ἡμέρα,

331 1815 372 1906 τῷ
395 1824 507 1898 ταύτης
530 1822 649 1901 ύιύματι
674 1827 906 1901 προσαγορεύσαι
929 1821 978 1886 καὶ
1004 1823 1056 1895 risu
1080 1822 1175 1903 ἑορτὴν
1199 1819 1333 1888 ύταται.

376 1960 544 2026 Lacunam
577 1962 723 2024 statuere
758 1959 786 2022 si
822 1957 1040 2024 necessarium
1066 1958 1127 2042 sit,
1159 1957 1264 2044 quod,
1293 1979 1367 2024 cnm
1391 1959 1491 2025 verba
1515 1959 1615 2025 allata

332 2094 428 2162 valde
453 2094 585 2161 turbata
608 2095 692 2179 sint,
716 2095 878 2161 incertum
903 2094 1005 2180 duco,
1029 2116 1072 2160 ex
1097 2095 1195 2160 schol.
1222 2093 1262 2158 ad
1286 2093 1430 2161 Acharn.
1455 2118 1501 2162 vs.
1529 2098 1614 2162 1076

335 2232 469 2320 explere
492 2232 669 2319 possimus:
694 2231 762 2314 <ἕκ
786 2231 1117 2309 recommemorent).
1142 2229 1282 2297 Sensum
1300 2236 1410 2298 tamen
1426 2233 1615 2298 restitutum

328 2369 398 2453 jam
423 2389 494 2434 esse
517 2367 652 2433 minime
676 2365 784 2432 credo.
810 2366 1025 2433 Scholiastam
1051 2365 1092 2433 de
1117 2367 1194 2432 totis
1217 2367 1438 2433 Anthesteriis
1455 2367 1615 2455 cogitasse

333 2523 429 2568 nemo
461 2502 663 2590 perhibebit,
696 2523 770 2568 cum
803 2507 837 2568 et
867 2501 1049 2568 identidem
1073 2503 1154 2583 ἑορτή
1179 2501 1219 2568 de
1244 2502 1312 2568 solo
1338 2502 1434 2568 tertio
1458 2503 1615 2592 festorum

333 2636 386 2703 die
410 2636 566 2704 adhibeat
589 2643 623 2704 et
646 2638 681 2703 in
705 2637 920 2724 sequentibus
943 2637 984 2703 de
1009 2659 1075 2702 uno
1101 2641 1229 2703 tantum
1254 2635 1307 2703 die
1330 2638 1493 2724 loquatur.
1520 2639 1615 2714 Quod

333 2772 425 2838 addit
455 2774 598 2860 ιῖτασιιι,
635 2773 670 2838 id
702 2773 887 2861 explicatur
917 2773 1017 2839 schol.
1053 2772 1095 2838 ad
1131 2794 1176 2839 vs.
1214 2774 1289 2868 2i9.
1326 2810 1369 2821 -
1404 2773 1500 2840 Diem
1538 2796 1615 2841 vero

333 2908 497 2995 quendam
521 2909 621 2975 fnisse
646 2910 702 2997 qni
726 2910 826 2990 Χύτρα
850 2910 902 2976 vel
927 2909 992 2976 tale
1014 2907 1091 2996 quid
1109 2907 1255 2994 audiret,
1281 2930 1347 2973 non
1363 2908 1458 2974 facile
1475 2908 1616 2977 credam.

333 3045 385 3111 De
416 3045 535 3110 talibus
567 3043 693 3110 dierum
718 3044 905 3110 nominibus
929 3044 1028 3129 nihil,
1052 3043 1140 3130 quod
1165 3044 1282 3129 sciam,
1308 3049 1422 3109 notum
1445 3045 1614 3110 hahemus

335 3180 454 3267 Itaque
477 3181 614 3247 alteram
637 3180 788 3246 lacunam
812 3185 921 3246 statuo
945 3184 1020 3268 post
1044 3180 1137 3260 ἡμέρας
1159 3179 1344 3265 iterumque
1368 3180 1468 3246 verba
1497 3181 1616 3247 omissa

335 3337 378 3382 ex
411 3315 527 3382 eedem
555 3316 677 3381 scholio
701 3321 797 3403 peto,
829 3315 915 3381 seih:
940 3312 1011 3398 ᾖτερ
1035 3315 1191 3396 ε’ύύρριρταν
1216 3315 1308 3398 ἡμέρα
1330 3315 1476 3397 (ἑψῆσαι
1501 3316 1616 3396 χύτρας

334 3453 542 3533 ταισττερριίας
578 3451 671 3521 καὶ)
703 3454 743 3533 τῷ
774 3450 886 3526 ταύτης
917 3451 1037 3529 ύιύματι
1062 3467 1129 3516 κτλ.
1179 3451 1270 3527 Quae
1305 3473 1383 3516 mox
1418 3458 1616 3538 sequuntur:

333 3590 382 3653 καὶ
414 3595 466 3661 τῆς
494 3588 609 3668 χύτρας
634 3585 666 3663 ἣν
689 3587 791 3665 idcirc
815 3587 925 3657 πάντες
949 3601 1016 3651 κτλ.
1041 3607 1100 3674 pro
1125 3585 1350 3653 additamento
1374 3587 1481 3654 facere
1505 3587 1617 3655 viden·

335 3728 397 3789 tur.
421 3723 574 3810 Denique
597 3723 697 3789 schol.
722 3721 794 3790 aod.
819 3723 877 3808 G„
902 3744 1099 3809 quamquam
1122 3743 1189 3788 non
1211 3723 1291 3810 ipsis
1314 3723 1423 3790 verbis
1447 3745 1534 3790 ame
1552 3746 1617 3790 res·

335 3857 461 3944 titutis,
478 3857 625 3935 veandem
650 3859 849 3924 sententiam
873 3858 1011 3946 praehet
1023 3859 1061 3944 1).

380 3993 485 4060 Recte
508 3999 680 4080 praeterea
703 3993 840 4060 lacunae
865 3993 994 4080 signum
1019 3993 1128 4080 posuit
1151 3994 1253 4060 Ruth.
1278 3994 1312 4058 in
1336 3994 1405 4062 his:
1430 3993 1502 4058 ύύειι
1519 3997 1617 4068 αὐτοῖς

334 4129 392 4202 ἔύις
427 4129 528 4209 ἔχοντι
568 4135 625 4193 τῶι
663 4130 717 4208 μὲν
753 4127 930 4207 Ὀλυμπίων
964 4131 1031 4193 esea
1066 4129 1154 4194 ιύδειύ
1190 4130 1223 4194 τὸ
1257 4130 1420 4214 ταρύπιιν,
1460 4133 1554 4213 Ἐρμῇ
1589 4130 1618 4196 δὲ

335 4265 455 4346 χύιιύρ·
480 4310 512 4332 ..
533 4313 568 4330 ..
596 4264 734 4330 τοῦτοδὲ
758 4270 868 4329 ποιοῦσι
890 4274 927 4347 τῇ
951 4263 968 4302 *
989 4263 1091 4348 ύμέρρι.
1127 4264 1239 4331 Menae
1261 4264 1407 4352 ineptiae
1432 4267 1518 4331 enim
1542 4270 1619 4331 sunt

336 4420 419 4488 quae
444 4398 580 4466 exhibet
603 4399 704 4466 schel.
729 4399 800 4465 eod.
824 4399 880 4468 θα
905 4399 997 4484 ἡμέρα
1013 4398 1042 4464 δὲ
1057 4401 1114 4474 τας
1130 4400 1246 4482 χύτρας
1262 4402 1373 4476 εἰιεύιας
1391 4398 1464 4477 ἦσαν
1481 4403 1618 4483 ἕψιύιτες

335 4535 384 4600 καὶ
409 4538 440 4601 αὖ
467 4537 558 4600 νυκτί.
596 4534 800 4623 Quamquam
823 4556 882 4623 per
906 4557 941 4602 se
964 4536 1140 4603 verisimile
1167 4537 1294 4604 videtur
1317 4559 1489 4604 nnmerum
1517 4557 1620 4624 quen-

336 4669 410 4735 dam
445 4669 626 4755 excidisse,
662 4672 795 4737 nomine
832 4675 942 4737 tamen
977 4673 1116 4759 mensis,
1154 4694 1217 4760 quo
1254 4673 1322 4739 dies
1353 4674 1429 4740 festi
1462 4672 1620 4738 celebrari

345 4920 590 4931 ——————

369 5095 398 5162 l)
415 5096 455 5149 Gi.
472 5097 572 5148 Zacher
589 5099 606 5150 l.
624 5098 643 5149 1.
660 5112 684 5163 p.
703 5097 762 5150 5⁴5,
