4234 6059
1109 740 1151 816 tt

531 967 642 1041 Minus
675 977 765 1041 recte
798 972 900 1040 Ruth.
936 974 1052 1040 vertit:
1085 975 1118 1039 iu
1143 980 1281 1063 trooeaty
1304 974 1345 1059 of
1364 975 1437 1042 lake
1458 978 1615 1043 Avernus.
1662 974 1770 1047 Verte

487 1111 615 1199 potins:
649 1108 854 1196 spectatae,
879 1109 1120 1177 inmemoriom
1143 1117 1267 1177 reuocat
1291 1110 1591 1179 lacumAcermtm.
1640 1112 1770 1202 Expec-

487 1245 608 1312 taveris
630 1245 743 1329 πρός,
766 1243 854 1331 quod
877 1243 1014 1311 fontum
1037 1244 1276 1311 restituendum
1300 1248 1369 1332 est3
1392 1246 1524 1313 inversa
1546 1247 1674 1314 ratione
1699 1252 1768 1329 πρός

485 1402 544 1469 pro
565 1379 646 1462 ποριί
669 1380 705 1445 in
728 1379 800 1446 cod.
825 1382 876 1446 est
899 1379 1000 1447 schol.
1024 1378 1067 1446 ad
1092 1401 1138 1447 vs.
1164 1382 1241 1466 405,
1266 1382 1330 1460 περί
1351 1401 1410 1469 pro
1436 1382 1504 1461 πρός
1527 1382 1630 1451 schol.
1653 1383 1694 1449 ad
1721 1406 1767 1451 vs.

489 1518 574 1581 1517
597 1516 657 1602 (P),
693 1517 758 1594 περί
790 1535 850 1603 pro
884 1516 966 1593 παρά
997 1515 1100 1582 schol.
1124 1514 1166 1582 ad
1190 1536 1254 1582 ves.
1279 1517 1366 1601 350,
1390 1516 1560 1603 819(t)1).
1607 1516 1707 1585 Dind.
1733 1524 1768 1584 et

485 1651 596 1718 Dnbn.
612 1671 685 1715 cum
702 1647 974 1736 praecedentibus
987 1648 1069 1716 haec
1083 1650 1261 1737 jungentes
1277 1650 1417 1718 absurde
1428 1651 1563 1739 legunt:
1582 1655 1598 1729 ἡ
1614 1653 1767 1735 Τιὶρτηοοι

486 1786 614 1864 Ἰβκρικὶι
637 1784 721 1857 πόλις
742 1784 806 1863 περὶ
828 1785 881 1859 τὴν
903 1784 1020 1864 Ἄορνον
1044 1785 1159 1862 λίμνην.
1184 1785 1224 1853 uf.
1249 1784 1341 1853 Suid.
1365 1808 1391 1854 a.
1415 1808 1447 1853 v.
1469 1789 1669 1867 Τοιρτκοοδς.’

531 1919 636 1986 Schol.
667 1919 747 1984 Rau.
776 1919 820 1985 ad
844 1940 889 1987 ua.
912 1920 989 1987 477.
1012 1920 1150 2000 Γοργόνος
1172 1920 1343 2003 Τιθροοοίοιιι
1366 1921 1401 1987 τὸ
1423 1922 1568 2004 Τιθροιοίοι
1591 1923 1652 1989 ἀπὸ
1676 1924 1768 2002 δήμοιο

454 2036 458 2040 .
485 2064 538 2132 τῆς
567 2052 707 2132 Ἀττικῆς
739 2055 895 2141 [πονιρροῦ]·
925 2057 976 2120 οὐκ
1007 2056 1070 2130 εἰκῆ
1096 2054 1125 2121 δὲ
1149 2061 1233 2121 τοῦτο
1257 2051 1347 2129 εἶπεν,
1379 2054 1453 2121 ἀλλ’
1476 2057 1583 2124 lainam
1608 2058 1656 2123 τὸν
1679 2059 1767 2137 δῆμον

485 2198 585 2259 τοῦτον
607 2190 783 2269 διαβάλλειν
806 2193 842 2263 ὥς
867 2188 1113 2271 κοικοπροίριιονιι.

530 2326 741 2413 Adjectivum
772 2331 891 2404 πονηροῦ
923 2325 1030 2390 minus
1062 2330 1139 2414 apte
1171 2324 1224 2390 hic
1247 2346 1282 2392 se
1306 2324 1416 2393 habet.
1465 2325 1537 2402 Quo
1561 2326 1674 2394 addito
1694 2328 1764 2415 jum

485 2462 596 2528 statim
627 2461 833 2549 perspicuum
861 2459 899 2526 fit
930 2481 987 2526 cur
1003 2466 1103 2548 poeta
1129 2459 1171 2526 ab
1198 2460 1260 2526 hoo
1287 2460 1491 2548 potissimum
1520 2461 1615 2528 demo
1643 2464 1766 2530 comice

485 2616 606 2662 nomen
640 2594 837 2663 derivaverit
872 2616 979 2683 neque
1013 2596 1081 2662 ulla
1110 2596 1250 2683 amplius
1281 2596 1500 2684 explicatione
1536 2617 1618 2685 opus
1648 2580 1766 2665 fuerat.

485 2734 574 2801 Vero
606 2738 716 2799 autem
747 2731 853 2798 simile
883 2731 963 2797 mihi
1003 2731 1134 2798 videtur
1176 2752 1246 2798 voc.
1287 2738 1405 2811 πονηροῦ
1444 2753 1565 2797 nomeu
1597 2732 1766 2820 proprium

485 2868 559 2934 loco
584 2868 735 2954 movisse,
758 2867 827 2934 scil.
851 2868 900 2933 Τι’
908 2870 1079 2947 θρκντος.
1098 2904 1135 2915 -
1156 2867 1275 2933 Forma
1301 2866 1460 2945 Τειθροιοίοι
1477 2887 1549 2932 cum
1566 2867 1766 2935 Lceuwcuio

485 3010 619 3093 propter
640 3003 788 3070 codicum
812 3002 1001 3069 testimonia
1023 3000 1212 3089 recipienda
1236 3000 1366 3068 videtur
1380 3002 1409 3086 2)

528 3141 633 3209 Schol.
668 3139 712 3205 ad
743 3159 788 3206 ον.
823 3139 899 3203 479.
936 3136 1058 3223 (Dubn.
1090 3158 1122 3224 p.
1155 3138 1229 3202 290.
1266 3135 1321 3223 18)
1349 3135 1459 3208 ἄλλοις.
1483 3134 1568 3201 κοὶλει
1592 3136 1668 3205 todo:
1693 3135 1763 3217 πρὸς

482 3276 617 3353 βοήθειαν
646 3274 730 3339 κοὶλοι
763 3273 832 3339 θεόν.
864 3276 894 3338 οὐ
916 3271 977 3353 ποορ
1001 3272 1136 3343 Διόνυσος
1158 3270 1218 3344 θεὸς
1241 3268 1284 3351 ἦν,
1307 3268 1350 3337 ὅτι
1373 3265 1454 3336 εἶπεν
1476 3273 1556 3352 οιύτιῖο
1580 3270 1664 3337 κοέλει
1688 3271 1761 3343 θοόν.

482 3417 567 3476 τοῦτο
590 3409 619 3473 δὲ
643 3411 680 3481 ὥς
703 3412 731 3473 ἕν
754 3407 889 3490 κωμῳδίᾳ
912 3408 1098 3475 πέπλκοτοιι.

530 3545 724 3632 Oorruptum
748 3543 835 3608 hunc
858 3543 965 3609 locum
990 3566 1021 3611 ν.
1044 3544 1212 3610 Leeuwen
1228 3542 1255 3624 ³)
1280 3541 1407 3630 optime
1427 3541 1496 3628 jam
1520 3540 1681 3627 correxit,
1708 3539 1766 3628 qui

483 3685 560 3747 ante
590 3684 674 3745 τοῦτο
700 3678 926 3767 interrogandi
949 3679 1080 3767 signum
1104 3677 1201 3745 scribi
1220 3676 1330 3764 jussit.

527 3816 631 3883 Sobel.
666 3814 710 3881 ad
742 3836 786 3882 ve.
820 3818 885 3882 481
920 3818 1046 3898 ὠρκκιῶε
1078 3814 1096 3853 *
1125 3812 1183 3895 ὅροι
1215 3814 1275 3892 γὰρ
1302 3815 1319 3889 ἡ
1343 3812 1476 3892 Φροντίς,
1500 3813 1532 3876 ἐκ
1554 3811 1758 3913 δὲ’φροντίδος

482 3952 621 4018 ἐκλύεται
642 3977 695 4025 τις.
717 3949 723 4041 Ι
743 3953 868 4033 ὥροικιῶε
892 3951 1042 4034 φροντίζω.

460 4140 463 4146 .
526 4088 694 4154 Lacunam
728 4086 889 4173 sagacitep
923 4084 1039 4151 statuit
1073 4083 1195 4168 Rutu,
1227 4082 1324 4148 simul
1356 4086 1574 4170 transponens
1603 4082 1763 4169 φροντίζω,

482 4221 570 4310 quod
601 4221 825 4288 antecedebat.
872 4222 1042 4308 Integrum
1073 4220 1173 4287 schol.
1203 4225 1273 4285 tum
1297 4218 1429 4286 demum
1453 4222 1556 4304 esset,
1581 4216 1607 4283 si
1631 4217 1764 4284 ratione

481 4356 612 4424 inversa
643 4356 678 4420 in
707 4356 861 4423 lemmate
889 4358 1032 4443 positum
1064 4360 1151 4421 esset
1182 4354 1331 4439 Φροοτίζω,
1362 4353 1397 4418 in
1426 4351 1651 4441 explicatione
1683 4371 1763 4417 vcro

484 4598 730 4609 ---—--—

513 4754 542 4820 1)
567 4755 606 4806 De
630 4751 855 4818 praepositionum
884 4745 1045 4816 compendiis
1071 4752 1188 4803 contusis
1215 4751 1247 4805 cs.
1274 4751 1356 4802 Cobet
1382 4750 1446 4803 Ver.
1470 4752 1552 4803 Leett.
1574 4766 1598 4816 p.
1622 4748 1672 4801 270
1689 4762 1759 4815 sqq.;

481 4864 505 4898 ν.
522 4848 634 4915 lJncrcn.
651 4848 689 4898 Dc
706 4846 778 4898 vitiis
795 4846 954 4912 quibusdam
972 4845 1125 4910 principum
1145 4846 1199 4897 cod.
1218 4845 1352 4911 Aristoph.
1370 4862 1395 4911 p.
1413 4844 1445 4896 75
1464 4860 1522 4911 sqq.

513 4941 541 5003 λ)
560 4940 599 4993 Gt.
616 4940 644 4994 G.
663 4942 682 4993 1.
700 4940 731 4993 G.
747 4940 812 5002 115,
829 4939 887 4991 175.

513 5032 541 5098 3)
559 5035 686 5088 Mnemon.
702 5035 735 5086 ut
752 5051 778 5100 p.
794 5033 851 5085 339.
