4234 6059
969 728 1008 803 51

330 961 397 1056 Ικνύ
439 960 483 1032 aa
525 960 612 1025 adm
658 974 744 1044 κτλ,
790 957 985 1024 clamoribus
1021 959 1217 1045 necopinato
1256 960 1413 1045 sublatis,
1458 963 1630 1048 sequentia

349 1096 444 1160 nimis
478 1092 634 1181 languide
667 1099 700 1159 et
724 1093 837 1159 sedate
861 1098 989 1158 sonant.
1037 1092 1108 1158 Nisi
1132 1094 1216 1157 forte
1236 1095 1305 1179 jam
1331 1100 1427 1161 antea
1453 1096 1628 1160 tumultum

348 1229 437 1294 intus
472 1228 620 1295 auditum
657 1250 728 1293 esse
763 1250 890 1312 sumas,
927 1229 1020 1312 cujus
1044 1248 1175 1292 causam
1199 1249 1286 1293 nunc
1311 1229 1464 1308 tandem,
1489 1230 1631 1295 amicitia

347 1365 454 1462 inita?
473 1385 588 1451 rogare
612 1363 733 1429 audeat
756 1384 878 1429 servus.
909 1362 1005 1439 Quod
1022 1368 1137 1428 contra
1152 1384 1276 1429 morem
1293 1362 1630 1451 consuetudinemque

350 1499 539 1566 comoediae
563 1506 650 1565 esset
673 1519 781 1585 neque
805 1520 879 1563 cum
903 1498 988 1564 servi
1008 1497 1119 1563 indole
1137 1504 1342 1584 congrueret.
1367 1538 1409 1547 —
1432 1499 1632 1586 Neutiquam

348 1656 426 1702 vero
469 1636 594 1700 minore
637 1633 805 1699 alacritate
841 1632 934 1715 actio
970 1633 1192 1719 continuatur,
1227 1635 1255 1698 si
1291 1639 1366 1721 post
1410 1635 1631 1711 ὁμομαστιγίας

349 1770 556 1858 aposiopesin
588 1770 782 1851 statuimus,
816 1769 863 1833 ita
885 1772 923 1832 ut
947 1766 1066 1834 deinde
1091 1768 1272 1853 xanthios,
1297 1767 1534 1854 quodammodo
1559 1790 1630 1856 per·

351 1905 519 1990 turbatus,
545 1908 657 1991 roget:
681 1905 726 1975 τίς
748 1900 829 1975 οὗτος
853 1901 945 1968 edutos
969 1902 1031 1967 ἐστὶ
1056 1902 1173 1983 θόρυβος
1196 1919 1263 1969 κτλ.

394 2039 498 2105 Sedet.
523 2039 603 2105 Rae.
628 2038 736 2104 ades.
764 2041 840 2104 767.
876 2044 1081 2120 πωρωχωρεῖνε
1107 2040 1146 2118 τῷ
1170 2039 1356 2119 εύρνσκνμὲνῳ
1380 2042 1472 2121 σοφῷ.

394 2175 564 2240 Restitue:
588 2177 628 2255 τῷ
652 2174 837 2254 εύρνσκνμὲνῳ
860 2174 1046 2259 ωνΦω<τέρῳ
1073 2172 1245 2260 δηλονότι).

394 2311 498 2376 Schol.
532 2311 613 2376 Rae.
638 2310 682 2374 cd
715 2330 759 2374 ea.
794 2311 872 2376 775.
907 2314 1097 2387 γλωκισμῶνε
1121 2313 1176 2373 τῶν
1204 2315 1315 2384 σεμνῶν
1338 2315 1435 2385 μελῶν
1458 2310 1507 2373 uxi
1536 2310 1630 2386 ἡδέων.

399 2446 440 2511 In
463 2468 521 2511 ms.
546 2445 665 2510 lemma
688 2449 776 2510 erat:
801 2442 849 2508 aei
874 2451 1097 2525 λυγισμῶν,
1122 2443 1174 2509 cui
1197 2443 1279 2508 haec
1296 2442 1436 2508 adscribi
1453 2449 1631 2529 nequeunt.

325 2580 513 2668 .Suspccta
544 2585 654 2646 tamen
684 2578 765 2643 mihi
796 2584 848 2643 est
876 2600 942 2643 vox
964 2576 1203 2656 γλυκισμύς,
1238 2600 1321 2665 quae
1346 2583 1473 2643 tantum
1495 2581 1633 2645 recurrit

349 2715 472 2782 Athen.
508 2714 627 2801 Deipn.
659 2715 691 2780 V
720 2736 752 2802 p.
778 2713 1113 2779 occaecata
1142 2716 1295 2780 letata.
1343 2714 1430 2779 Huic
1455 2735 1532 2779 vero
1556 2715 1628 2779 loco

352 2872 418 2916 non
452 2851 592 2915 multum
629 2850 754 2935 tribu03
790 2848 857 2913 illic
891 2847 1023 2934 quidam
1059 2849 1240 2934 corrigunt:
1277 2849 1532 2933 νλυκωσμύς,
1557 2851 1632 2937 quia

351 2987 493 3051 usitatae
528 2985 620 3051 verbi
655 2986 778 3050 formae
813 2989 907 3048 sunt:
942 2983 1083 3065 γλυκύζω
1119 2984 1172 3049 vel
1205 2986 1364 3061 γλυκωίνω.
1404 2984 1444 3049 In
1478 2985 1632 3049 lemmate

350 3121 467 3206 fuerit,
492 3142 544 3187 me
564 3120 694 3206 judice:
719 3125 933 3197 λιγνσμῶν.
959 3116 1170 3204 Adjsctivum
1195 3118 1280 3194 λιγύς
1306 3139 1373 3183 non
1389 3118 1430 3184 de
1447 3121 1535 3185 vocis
1552 3140 1632 3185 sono

350 3261 480 3321 tantum
503 3256 537 3320 in
561 3277 623 3321 usu
647 3260 714 3338 cst,
739 3254 797 3321 sed
822 3255 921 3320 etiam
946 3253 986 3319 de
1010 3253 1118 3319 verbis
1142 3253 1286 3339 ponitur.
1311 3254 1351 3318 ot.
1378 3254 1521 3339 Hesyoh.
1540 3276 1564 3320 s.
1583 3274 1630 3321 v.:
1724 3280 1727 3285 ’

348 3391 432 3478 ὀξύς,
459 3392 526 3468 ἡδύς
550 3439 639 3458 ....
668 3392 864 3471 ἕπνφωνντύς.
881 3390 923 3475 (P)
946 3392 977 3453 νύ
1001 3399 1038 3471 τῇ
1062 3397 1143 3471 φωνῇ
1167 3388 1245 3453 teddo
1268 3387 1318 3453 nai
1340 3390 1440 3466 ωύλνὶ,
1464 3389 1548 3453 ἀλλὰ
1573 3397 1631 3461 τοῖς

347 3528 466 3609 ῥήμασι.
502 3527 552 3593 De
584 3526 711 3592 cantico
745 3525 941 3614 adjectivum
965 3524 1264 3613 usurpaturHom.
1290 3523 1484 3591 od.24.62.
1510 3526 1629 3610 (inus.

348 3664 524 3752 suspecto).

393 3797 497 3864 Sedet.
522 3798 603 3863 Rae.
627 3796 671 3862 ad
689 3817 732 3861 ea.
750 3798 827 3862 800.
859 3795 1004 3860 πλωίσωνε
1030 3797 1070 3858 τὰ
1087 3796 1142 3859 τῶν
1158 3793 1252 3871 ξύλων
1268 3794 1451 3873 saepiusve.
1474 3796 1479 3877 Ι
1501 3796 1629 3859 araxim

348 3932 528 4010 ξύμπηκτωε
560 3931 655 4012 ὥσπερ
687 3932 808 3996 πλινθίων
840 3932 868 3994 ἕν
895 3925 935 4002 οἷς
959 3932 1164 3995 πλινθεύνωωνν.
1192 3929 1225 3994 τὸ
1249 3926 1415 4005 dducam
1438 3932 1529 4014 (proz
1554 3929 1630 4005 σύμ-

347 4069 456 4153 μικτω)
478 4068 546 4148 πρὸς
569 4068 663 4146 οὐδέν,
686 4069 760 4131 ἀλλ’
784 4062 838 4130 οἷον
861 4066 986 4143 περιτταὶ
1009 4066 1058 4129 aei
1084 4063 1177 4144 σοφοὶ.

394 4203 472 4269 Sine
501 4204 594 4289 justa
627 4223 726 4267 causa
759 4201 867 4288 priora
900 4200 1002 4265 Ruth.
1035 4198 1228 4263 distraxisse
1262 4218 1369 4284 neque
1393 4198 1523 4284 integra
1545 4199 1627 4265 haec

349 4358 421 4402 esse
454 4358 645 4425 persuasum
682 4336 763 4400 mihi
798 4340 858 4401 est.
906 4333 1162 4401 Restitucndum
1202 4338 1300 4419 puto:
1336 4334 1384 4398 eat
1423 4334 1464 4398 ἐκ
1503 4332 1629 4411 ξύλων

348 4472 578 4552 τετράγωνα
604 4472 833 4549 <ωύγμωτω>
856 4469 950 4550 ὥσπερ
975 4484 1042 4536 κτλ.
1068 4468 1108 4535 cf.
1133 4468 1225 4535 Suid.
1250 4490 1275 4533 c.
1300 4492 1331 4537 v.
1355 4471 1506 4536 πλωύωωνε
1530 4470 1579 4534 καὶ
1598 4470 1630 4533 τὸ

344 4608 381 4673 ’ἐκ
414 4606 509 4686 ξύλων
543 4607 731 4686 respuentem
771 4606 867 4692 (corr.
903 4604 1162 4689 τετράγωνον)
1197 4612 1311 4682 πῆγμα
1342 4604 1359 4668 d
1395 4629 1468 4675 τινες
1505 4606 1629 4668 πλινθίων

348 4747 503 4828 exactem,
527 4741 672 4828 Hesyoh.
697 4764 722 4809 s.
747 4763 777 4808 v.
813 4740 938 4807 Ultima
961 4739 1038 4828 quid
1063 4740 1116 4805 hic
1141 4739 1203 4805 sibi
1227 4740 1347 4823 velint,
1372 4760 1438 4805 non
1463 4759 1628 4824 assequor.

348 4876 452 4944 Ruth.
483 4878 598 4944 vertit:
636 4878 702 4942 The
732 4877 820 4942 word
843 4875 901 4942 tas
923 4898 963 4942 no
985 4874 1105 4963 spectat
1127 4876 1283 4958 reference
1309 4874 1365 4939 but
1386 4893 1511 4957 means,
1540 4894 1574 4937 so
1600 4880 1629 4937 to

348 5013 464 5099 specte,
497 5013 598 5079 settle
628 5013 694 5077 ond
720 5011 829 5079 elever.
864 5011 1043 5096 Intellegat
1067 5010 1123 5096 qui
1146 5010 1266 5098 possit!
1305 5007 1472 5075 Scholium
1496 5008 1629 5093 gravius
