4234 6059
1159 787 1203 800 0-

541 975 777 1042 constitutione
810 973 898 1040 haud
917 943 1073 1040 ‘multum
1106 974 1192 1039 inter
1226 995 1260 1040 se
1297 975 1502 1062 discrepant,
1539 977 1602 1041 nisi
1626 977 1714 1063 quod
1739 979 1821 1044 haec

541 1111 724 1178 accuratius
759 1110 904 1175 diversos
938 1109 1067 1176 codices
1103 1109 1275 1196 distinguit
1305 1111 1416 1196 itaque
1440 1109 1482 1176 ad
1506 1133 1600 1198 usum
1625 1113 1732 1198 aptior
1760 1119 1822 1180 est.

541 1248 761 1334 Quamquam,
802 1252 838 1313 ut
872 1247 1052 1313 rectissime
1083 1249 1153 1334 jam
1188 1247 1404 1314 observarunt
1438 1247 1695 1334 Augsberger1)
1733 1254 1767 1313 et
1791 1270 1821 1314 v.

540 1382 711 1466 venena),
735 1402 802 1446 non
826 1381 988 1469 estquod
1012 1384 1168 1468 maJ'orem
1194 1383 1228 1447 in
1253 1382 1428 1448 Duebnero
1446 1381 1598 1447 fiduciam
1615 1382 1823 1465 collocemus,

539 1523 655 1604 utpote
694 1518 751 1604 qui
786 1524 874 1582 lotus
908 1541 928 1582 a
963 1516 1133 1583 Dindorfio
1169 1517 1321 1604 pendeat.
1370 1517 1431 1582 His
1470 1538 1546 1582 vero
1583 1516 1721 1582 ducibus
1757 1540 1822 1582 non

539 1657 662 1718 temere
696 1650 911 1719 credendum·
930 1673 1019 1736 esse,
1055 1653 1239 1718 luculenter
1272 1652 1473 1718 recentiores
1508 1653 1701 1718 collationes
1737 1653 1819 1718 Hol-

538 1788 704 1874 zingeri³)
739 1792 773 1852 et
807 1786 942 1852 Martini
958 1791 985 1872 4)
1021 1795 1074 1871 et,
1113 1789 1168 1874 qui
1192 1788 1263 1853 lusa
1288 1787 1449 1874 docteque
1472 1787 1513 1853 de
1538 1787 1669 1853 scholiis
1694 1788 1822 1854 Aristo·

539 1922 713 2008 tophaueis
736 1922 933 2008 disputarit,
958 1923 1083 1988 Zacher
1099 1923 1127 2008 ⁵)
1153 1923 1379 1988 ostenderunt.
1429 1923 1531 2008 Oujus
1555 1945 1598 1988 ax
1622 1895 1705 1989 lihro
1722 1924 1819 1988 simul

539 2064 675 2144 apparet
697 2058 785 2123 haud
809 2058 857 2122 ita
880 2060 990 2143 magui
1013 2057 1196 2123 faciendam
1224 2079 1295 2123 esse
1319 2056 1440 2122 codicis
1455 2058 1660 2124 Ravennatis
1676 2059 1818 2124 auctori·

539 2198 659 2277 tatem,
695 2200 852 2280 quantum
887 2192 1020 2280 quidem
1055 2192 1097 2257 ad
1121 2193 1245 2258 scholia
1268 2193 1425 2275 attineat,
1459 2214 1543 2279 quae
1568 2193 1730 2258 diversam
1755 2215 1820 2258 non

539 2329 682 2395 efficiant
716 2330 868 2411 classem,
905 2329 962 2394 sed
998 2349 1040 2393 ex
1077 2327 1210 2403 eodem,
1247 2350 1310 2415 quo
1343 2328 1462 2394 codicis
1486 2329 1590 2412 Van,
1623 2328 1820 2393 scholiorum

538 2483 673 2550 corpore
696 2464 929 2550 procreverint.
978 2464 1083 2540 Quem
1107 2463 1254 2529 codicem
1280 2464 1423 2546 „scholia
1447 2464 1581 2551 antiqua
1604 2464 1703 2550 longe
1720 2486 1818 2550 quam

539 2599 716 2664 Ravennae
747 2599 848 2665 habat
880 2598 1058 2686 ampliora”
1090 2600 1277 2679 continere,
1308 2599 1343 2663 in
1371 2599 1515 2665 editione
1540 2621 1598 2664 sua
1614 2602 1685 2685 jam
1710 2567 1822 2665 obser·

537 2740 673 2799 voverat
706 2733 855 2800 Dindorf.
903 2734 1014 2798 Mirari
1047 2734 1148 2818 igitur
1183 2755 1256 2798 cum
1291 2733 1435 2799 Zaohero
1452 2735 1481 2820 6)
1505 2734 1600 2817 licet,
1636 2735 1817 2820 posthaec

539 2871 649 2935 omnia
692 2890 809 2934 novam
852 2868 1049 2933 scholiorum
1092 2867 1212 2933 codicis
1255 2869 1458 2934 Ravennatis
1493 2869 1671 2935 editionem
1711 2869 1820 2934 denuo

537 3025 667 3092 parasse
691 3003 950 3071 Rutherfordum
1008 3003 1164 3078 Quamvis
1188 3004 1274 3069 enim
1300 3005 1446 3090 speciosa
1469 3010 1503 3070 et
1528 3025 1602 3069 vere
1623 3003 1719 3069 docta
1735 3004 1816 3069 haec

539 3141 640 3206 editio
665 3142 708 3205 sit
731 3142 922 3227 sagacisque
946 3139 1049 3204 critici
1073 3160 1235 3203 summum
1259 3140 1427 3224 ingenium
1450 3138 1632 3204 identidem
1656 3138 1817 3225 prodens,

536 3278 611 3362 jure
641 3281 751 3342 tamen
781 3276 910 3362 scripsit
943 3274 1129 3356 Zaoher7):
1162 3273 1236 3339 dass
1269 3274 1337 3338 dies
1362 3274 1455 3338 Bueh
1481 3274 1571 3339 nicht
1593 3274 1652 3360 ist,
1678 3275 1725 3339 als
1750 3296 1815 3339 was

523 3433 574 3476 ·es
598 3411 778 3488 erscheiut,
810 3373 951 3499 uiimlich
976 3410 1049 3476 aine
1074 3410 1230 3496 Ausgabe
1254 3409 1313 3475 der
1336 3410 1425 3476 alten
1450 3409 1602 3476 Scholion
1625 3431 1666 3474 zu
1689 3409 1817 3474 Aristo·

539 3548 681 3634 phanes,
717 3546 791 3612 dass
825 3569 861 3612 es
897 3548 944 3611 als
979 3546 1090 3611 selcha
1125 3546 1216 3610 nicht
1251 3546 1437 3611 batrachtet
1472 3544 1603 3610 werden
1636 3545 1724 3609 kann
1749 3543 1816 3608 und

539 3681 630 3747 nicht
653 3683 790 3746 henutzt
814 3681 944 3748 werden
970 3680 1056 3765 dart,
1081 3679 1223 3745 sondern
1248 3679 1322 3744 dass
1347 3702 1381 3746 aa
1404 3702 1465 3745 nur
1482 3679 1669 3766 angesahen
1687 3678 1819 3745 werden

540 3933 785 3942 ——-—.-..

572 4109 599 4173 1)
618 4111 784 4176 Augsherger
801 4112 847 4161 Die
865 4111 1174 4174 Aristophanesscholien
1194 4107 1221 4162 u.'
1236 4112 1282 4162 der
1300 4112 1353 4162 cod.
1377 4110 1440 4160 Ven.
1458 4109 1488 4160 Α.
1516 4108 1695 4175 Sllzungsher.
1708 4109 1732 4159 d.
1744 4109 1820 4174 Baqr.

539 4203 617 4254 dead.
636 4219 659 4254 v.
677 4204 756 4256 Wiss.
774 4204 909 4255 Miinchen
926 4204 991 4255 1877
1010 4221 1034 4270 p.
1053 4205 1103 4255 951
1121 4221 1178 4272 sqq.
1832 4209 1837 4216 '

571 4297 599 4353 9)
618 4297 709 4347 Philol.
729 4297 761 4348 91
779 4313 803 4362 p.
820 4298 870 4348 191
887 4314 945 4364 sqq.

572 4391 599 4454 3)
618 4406 641 4440 r.
666 4391 805 4458 Holzinger
831 4393 953 4459 Beitrrige
979 4408 1025 4443 zur
1051 4393 1200 4446 Kennluiss
1225 4395 1271 4445 der
1289 4392 1551 4444 Ravennasscholien
1570 4407 1601 4441 zu
1620 4389 1819 4454 Aristophanes.

539 4485 648 4536 Wiener
666 4483 740 4536 Stud.
758 4485 824 4536 1889
841 4503 866 4551 p.
883 4486 899 4536 9
917 4502 974 4552 sqq.

571 4579 598 4643 4)
618 4580 716 4630 Martie
735 4581 783 4630 Les
800 4581 894 4631 scolies
911 4581 946 4630 du
964 4584 1112 4633 manuscrit
1129 4582 1153 4633 d’
1172 4581 1381 4645 Aristophanae
1400 4580 1534 4630 Ravenna.

571 4674 599 4737 5)
617 4673 714 4724 Zacher
731 4674 777 4725 Die
796 4674 1002 4726 Handschriltsn
1022 4691 1046 4726 u.
1065 4676 1175 4728 Klasseu
1194 4677 1240 4727 dor
1261 4673 1579 4740 Aristophanssscholisn.
1593 4671 1675 4723 Jahrb
1696 4672 1820 4724 tPhilol.

538 4768 623 4832 suppl.
640 4767 674 4817 16
691 4783 715 4832 p.
732 4767 779 4818 501
798 4783 857 4834 sqq.

571 4859 599 4925 6)
618 4861 711 4912 Philol.
727 4862 812 4926 suppl.
831 4860 879 4912 vll
897 4877 921 4926 p.
938 4861 988 4913 498
1005 4877 1062 4928 sqq.
1081 4864 1112 4914 cf.
1131 4879 1153 4915 v.
1171 4863 1300 4913 Leeuweu
1319 4862 1346 4911 in
1366 4861 1530 4910 Praelatione
1549 4859 1581 4908 ad
1595 4859 1820 4925 speciosissimam

538 4956 635 5007 codicis
654 4955 716 5005 Rav.
734 4956 875 5006 editionem
894 4957 1089 5021 photolypicam
1110 4957 1244 5027 (Lugduni
1262 4956 1422 5005 Batavorum
1440 4951 1525 5016 lant),
1544 4967 1569 5017 p.
1587 4951 1620 5002 10
1638 4967 1695 5018 sqq.

572 5048 599 5114 7)
618 5050 655 5101 lh.
673 5064 696 5114 p.
714 5047 772 5108 599.
1764 5051 1768 5062 ”
