4234 6059
955 655 1180 804 ον’

379 957 484 1030 Sodroi.
509 959 590 1029 Rae.
616 958 660 1027 ad
681 983 725 1029 os.-
752 965 850 1029 1328.
887 963 1029 1044 Κυρήνηςτ
1054 964 1163 1043 Κυρήνη
1184 928 1231 1037 Ιτις
1255 965 1357 1044 ἕτοιῖροι
1377 968 1518 1044 ἐπίσημος
1539 954 1620 1034 hods-

334 1099 519 1179 κοιμηχοινοὶς
545 1100 759 1174 ἐπικαλουμένη
784 1114 851 1164 κτλ.

378 1233 504 1319 Injuria
527 1233 647 1299 codicis
670 1235 766 1313 Rau.
781 1233 974 1321 scripturam
999 1239 1113 1299 contra
1136 1239 1262 1299 ceteros
1286 1256 1399 1301 omnes
1424 1236 1538 1319 codd,
1565 1238 1622 1324 qui

334 1369 511 1435 exhibent:
547 1368 871 1454 οωδεκιιμήχονος,
897 1374 1008 1444 tuetur
1031 1370 1135 1437 Ruth.
1161 1369 1243 1436 (ium
1267 1372 1385 1458 quibus
1410 1374 1623 1438 consentiunt

333 1505 425 1571 Suid.
450 1526 474 1569 s.
499 1527 546 1590 u,
571 1504 715 1591 Hesych.
742 1527 766 1571 s.
791 1505 878 1571 hv.
903 1510 937 1571 et
961 1527 985 1569 s.
1010 1527 1041 1571 v.
1066 1507 1185 1585 Κυρήνη.
1209 1506 1249 1573 cf.
1275 1508 1375 1574 schol.
1400 1508 1441 1574 ad
1467 1509 1547 1575 Pac.
1574 1530 1621 1575 vs.

335 1643 414 1724 792,
439 1640 495 1705 ubi
519 1640 660 1707 Xenoeli
684 1640 808 1726 tragico
833 1645 951 1727 poetae
976 1640 1038 1706 hoc
1063 1640 1235 1727 epitheton
1260 1642 1429 1709 tribuitur.

378 1776 483 1842 Sodroi.
515 1776 559 1840 ad
588 1796 631 1842 ve.
663 1777 763 1841 1344.
810 1775 935 1860 (Dtbn.
968 1798 1000 1863 p.
1034 1778 1100 1841 310
1124 1777 1155 1845 b.
1182 1780 1225 1862 7).
1271 1779 1403 1860 Νύμφαι
1427 1780 1618 1870 ὀρεσσίγονοιἓ

333 1915 365 1977 ἐκ
391 1914 448 1975 τῶν
475 1916 615 1990 Ξιιντριῶν
644 1911 797 1991 Αἰσχύλον
823 1913 914 1993 φησὶν
937 1889 1176 1988 ’Λοκληπιοὲδης·
1200 1910 1263 1992 εὗρε
1287 1914 1316 1978 δὲ
1340 1915 1489 1991 Ἀθήνησιν
1513 1915 1541 1979 ἔν
1565 1935 1619 1979 τινι

331 2052 387 2112 τῶν
412 2046 604 2112 διασωθέντων
628 2060 696 2112 κτλ.

378 2181 470 2257 Quae
494 2180 610 2247 mutila
634 2202 705 2247 esse
729 2202 825 2247 nemo
849 2203 914 2247 non
939 2181 1047 2267 videt3
1073 2183 1163 2248 nullo
1185 2183 1272 2248 enim
1289 2184 1385 2249 modo
1402 2184 1472 2248 fieri
1488 2188 1617 2271 potest,

331 2323 368 2383 ut
400 2339 475 2383 suos
505 2318 608 2405 ipsius
638 2338 751 2383 versus
785 2317 934 2383 deriserit
967 2318 1159 2406 Aeschylus.
1207 2318 1299 2384 Haec
1327 2320 1436 2385 omnia
1459 2325 1516 2385 aut
1540 2319 1617 2385 ficta

331 2474 404 2519 esse
428 2459 485 2518 aut
508 2474 551 2519 ex
574 2453 733 2540 Euripide
755 2452 853 2520 ducta
877 2458 966 2519 recte
982 2475 1012 2519 v,
1031 2454 1196 2520 Leeuwen
1214 2455 1339 2521 statuit.
1379 2455 1445 2520 Pro
1462 2455 1615 2535 Αἰσχύλον

332 2592 441 2654 autem
472 2587 549 2655 Ald.
582 2589 736 2654 exhihetr
761 2589 931 2668 Εὐριπίδου,
956 2588 1044 2674 quod
1069 2552 1254 2674 requiritur.
1302 2590 1491 2656 Dobraeum
1514 2590 1615 2675 igitur

330 2723 392 2789 hcc
428 2694 605 2789 delendum
641 2721 713 2790 esse
748 2744 882 2790 censere
917 2723 1029 2808 miror,
1067 2744 1174 2809 neque
1209 2724 1312 2809 magis
1347 2730 1458 2789 tamen
1493 2746 1614 2790 nomen

329 2858 487 2946 Aeschyli
518 2858 774 2945 expungendum
799 2827 882 2942 est,
898 2879 951 2924 me
970 2858 1093 2945 judice.
1138 2858 1215 2924 Alia
1237 2860 1364 2925 ratione
1387 2860 1478 2925 locus
1503 2881 1612 2925 emen·

330 2993 457 3059 dandus
492 2998 559 3079 est,
596 2994 673 3080 quia
707 2972 749 3059 eir
784 2993 1014 3079 sequentihus:
1050 2993 1111 3057 οὐδὲ
1143 2996 1213 3070 παρ’
1249 2993 1401 3074 Αἰσχύλου
1439 2992 1541 3075 ἥρμοζε
1571 2999 1610 3057 aa

326 3135 451 3194 τοιοῦτον
475 3128 704 3214 reserarem,
729 3128 872 3195 diversas
897 3128 938 3194 de
962 3129 1078 3224 horum
1104 3128 1276 3194 verborum
1295 3129 1420 3215 origine
1437 3128 1608 3215 opiniones

326 3264 469 3352 prolatas
513 3286 585 3330 esse
629 3269 775 3351 apparet.
833 3264 926 3351 Ipse,
962 3264 1115 3330 Dobraeo
1151 3265 1237 3331 viam
1272 3264 1352 3328 mihi
1386 3269 1607 3347 monstrante,

325 3420 491 3489 propono:
526 3400 560 3464 εἰι
593 3405 649 3463 τῶν
685 3402 826 3477 sairam
861 3400 1015 3479 Αἰσχύλον
1039 3398 1129 3479 Φηοὶν
1154 3399 1394 3484 Ἀσκληπιάδης,
1419 3399 1608 3475 <Educatio

325 3537 482 3604 δὲ....>
515 3535 543 3599 ἔν
574 3559 628 3599 τινι
659 3540 715 3598 τῶν
747 3533 947 3600 διασωθέντων.
994 3535 1124 3601 Nomen
1147 3534 1351 3621 grammatici
1374 3533 1608 3620 cujusdam,a

326 3690 396 3737 voc.
445 3668 596 3744 Ἀθήνησιν
619 3669 691 3735 loco
716 3689 774 3734 suo
799 3674 942 3754 motum,
968 3669 1130 3735 excidisse
1154 3670 1279 3757 opinor.

369 3804 475 3871 Schol.
505 3804 583 3871 Rev.
611 3804 655 3869 ad
680 3825 724 3870 va.
749 3805 848 3869 1350.
872 3801 947 3876 ὅπως
971 3811 1109 3886 κνεφαῖος
1133 3818 1220 3869 κνοω
1244 3804 1335 3868 πάλιν
1360 3804 1407 3868 ἐπὶ
1432 3805 1533 3869 πενίαν
1556 3804 1605 3869 asi

323 3940 547 4021 μικροπρὲπειοιν
571 3941 660 4005 αὐτὸν
682 3940 822 4020 κωμῳδεῖ.

368 4077 531 4165 Corrupto
554 4076 635 4143 haec
655 4080 750 4161 sunt3
768 4080 845 4162 post
861 4074 962 4139 ιιειίοιν
978 4075 1114 4141 verbum
1131 4073 1337 4141 intercidisse
1354 4076 1396 4161 (e.
1415 4097 1445 4162 g.
1462 4074 1604 4159 εἶσοὲηειι)

324 4218 381 4278 aut
404 4210 645 4279 restituendum
671 4232 759 4277 esse:
796 4211 859 4275 ἐπὶ
895 4211 1010 4293 πενίᾳ
1045 4211 1111 4275 aa>
1142 4212 1430 4293 pierrepersie
1455 4210 1603 4275 arbitror.

321 4346 476 4415 Fortasse
499 4348 599 4413 etiam
623 4368 681 4434 pro
705 4349 806 4411 ιιειίοιν
830 4346 919 4412 aliud
943 4346 1021 4433 quid
1044 4345 1271 4433 reponendum
1287 4348 1365 4431 erit;
1391 4346 1499 4411 minus
1516 4346 1603 4411 enim

322 4483 497 4549 verborum
521 4507 554 4547 ιι.
579 4487 613 4548 et
635 4508 669 4557 ιι.
695 4482 881 4568 conjunctio
905 4482 1031 4569 placet,
1055 4501 1194 4567 quorum
1218 4482 1357 4547 alterum
1381 4480 1603 4546 conditionem

323 4616 552 4701 domesticam,
583 4617 721 4683 alterum
753 4621 889 4682 naturae
913 4622 1011 4703 atque
1035 4616 1114 4682 artis
1137 4616 1253 4681 vitium
1277 4615 1410 4682 indicat.
1436 4614 1475 4680 ef.
1501 4614 1601 4680 schol.

322 4751 364 4817 ad
389 4773 437 4821 vs.
461 4755 536 4819 983.
573 4752 667 4818 Verti
692 4758 780 4818 certa
803 4773 877 4817 cum
901 4751 1007 4818 Ruth.
1029 4752 1111 4817 haec
1128 4756 1313 4837 nequeunt:
1337 4751 1393 4835 for
1409 4750 1458 4815 his
1470 4756 1602 4835 poocrty

322 4886 388 4950 und
410 4908 580 4955 mesaneos.
614 4886 785 4972 Nusquam
808 4886 896 4952 enim
919 4907 1019 4975 supra
1041 4885 1083 4951 de
1104 4884 1270 4972 Euripidis
1286 4888 1479 4973 paupertate
1496 4904 1602 4949 sermo

322 5020 446 5104 fuerat,
483 5042 543 5087 nec
578 5023 712 5106 mirum,
748 5020 1012 5108 quandoquidem
1037 5042 1080 5085 ex
1102 5021 1232 5107 paucis,
1270 5041 1350 5106 quas
1373 5019 1414 5085 de
1439 5019 1510 5103 ejus
1534 5018 1602 5083 vita

1485 5132 1502 5182 6
