4234 6059
1125 715 1166 796 lt

505 947 660 1023 (letarum
686 953 838 1042 antiquos
862 953 993 1020 oracula
1016 952 1078 1020 sibi
1102 951 1319 1020 exscribenda
1342 973 1472 1020 curasse
1496 953 1596 1020 etiam
1621 949 1811 1040 colligitur

505 1111 550 1156 ex
572 1090 636 1157 Ar.
659 1110 707 1157 us.
732 1092 809 1156 982.

550 1225 655 1293 Sebol.
678 1223 759 1293 Rau.
783 1225 828 1291 ud
848 1246 892 1294 vt.
919 1227 995 1292 153.
1030 1225 1084 1302 τίρν
1111 1223 1252 1305 πυρρίχην
1274 1238 1361 1290 art:
1387 1227 1524 1299 Κινησίας
1549 1223 1808 1304 διθυραμβοποιὸς

504 1359 535 1432 t.-
568 1361 683 1436 ἐποίησε
708 1360 859 1441 πυρρίχην.
884 1361 913 1426 ἐν
936 1367 995 1432 τοῖς
1019 1366 1115 1441 χοροῖς
1141 1369 1239 1441 πολλῇ
1262 1360 1368 1432 aratra
1393 1361 1503 1439 ἐχρᾶτο
1527 1360 1578 1448 <d
1602 1361 1805 1444 littorias>

551 1495 615 1564 Sic.
639 1496 743 1564 Ruth.
767 1494 888 1580 edidit3
912 1494 948 1560 in
972 1493 1042 1562 cod.
1067 1515 1145 1561 vero
1169 1500 1246 1561 ante
1270 1495 1300 1559 ἒν
1323 1501 1381 1565 τοῖς
1411 1498 1462 1559 est
1486 1495 1514 1568 ἢ.
1561 1493 1654 1560 Haec
1678 1495 1800 1561 locum

505 1652 599 1697 snum
635 1631 688 1697 hio
724 1651 790 1697 non
822 1636 935 1698 tenere
958 1630 1061 1698 Ruth.
1087 1629 1255 1696 existimat
1277 1634 1312 1695 et
1335 1649 1467 1696 sensum
1491 1629 1633 1715 aliquem
1658 1635 1798 1696 tantum

504 1766 626 1834 habere
657 1767 686 1833 si
716 1766 757 1832 ad
785 1788 832 1834 rs.
859 1768 944 1834 1437
969 1766 1155 1834 referuntur
1179 1765 1360 1834 contendit.
1407 1765 1470 1832 Oui
1493 1786 1561 1831 non
1586 1765 1795 1854 adstipulor;

504 1903 561 1969 illo
585 1902 673 1970 enim
692 1902 764 1969 loco
785 1901 850 1988 (iac
865 1923 995 1969 versum
1011 1902 1157 1990 spurium
1174 1921 1241 1968 non
1257 1901 1343 1986 esse)
1360 1905 1459 1988 poeta
1475 1900 1626 1967 Oinesiae
1643 1902 1792 1988 corporis

504 2039 693 2128 proceritati
716 2044 815 2126 atque
838 2038 1014 2126 gracilitati
1035 2036 1161 2116 illudit,
1185 2037 1240 2103 hic
1263 2057 1341 2104 vero
1364 2041 1499 2124 propter
1521 2057 1626 2121 nova,
1647 2038 1790 2124 quaein

505 2195 573 2240 rem
598 2174 753 2240 musicam
769 2173 939 2242 induxerit
954 2194 1030 2241 eum
1047 2171 1206 2257 derideri,
1236 2176 1273 2238 ut
1289 2172 1419 2260 saepius
1434 2171 1470 2257 ¹),
1495 2171 1707 2238 manifestum
1723 2177 1787 2238 est.

504 2309 646 2377 Leniore
669 2310 871 2377 correctione
894 2310 986 2376 locus
1008 2307 1117 2376 sanari
1140 2313 1267 2398 potest,
1291 2328 1409 2395 nempe
1426 2306 1618 2374 scribendo:
1633 2357 1641 2374 .
1657 2356 1687 2376 ..
1714 2311 1731 2383 ἡ
1751 2311 1765 2373 ε’
1773 2334 1787 2371 ν

504 2452 564 2517 τοῖς
588 2453 682 2526 χοροῖς
704 2471 732 2511 κ.
757 2471 786 2512 τ.
809 2459 837 2512 λ.
880 2445 932 2512 Ex
955 2443 1073 2532 quibus
1097 2443 1225 2511 efficere
1248 2443 1326 2509 licet
1349 2442 1609 2509 Atheniensibus
1634 2441 1784 2510 Oinesiae

505 2580 695 2669 pyrrichen,
733 2580 870 2646 tortasse
905 2579 967 2645 hoo
1001 2580 1073 2668 ipso
1096 2601 1184 2646 anno
1207 2578 1337 2646 doctam
1360 2580 1405 2664 (v.
1431 2579 1625 2664 Leeuucu),
1650 2584 1784 2667 propter

505 2715 638 2782 nimiam
673 2716 853 2803 agilitatem
889 2714 1110 2803 displicuisse,
1147 2716 1266 2803 quippe
1302 2715 1375 2802 qul,
1407 2736 1465 2804 pro
1496 2715 1629 2802 ingenio
1654 2715 1786 2800 Attico,

505 2852 700 2938 gravitatem
741 2857 841 2941 atque
882 2852 1117 2918 sublimitatem
1160 2851 1302 2938 aliquam
1345 2851 1444 2916 etiam
1487 2853 1522 2917 in
1556 2851 1786 2917 saltationibus

505 2989 719 3075 requirerent.
743 2987 783 3053 In
806 2987 993 3075 pyrrichas,
1016 3007 1100 3073 quae
1124 2986 1367 3054 Panathenaeis
1387 2986 1569 3052 saltabatur
1585 2987 1623 3071 2),
1649 2985 1784 3051 canticis

506 3145 634 3212 semper
656 3123 779 3212 aliquid
806 3122 976 3210 gravitatis
992 3144 1066 3188 cum
1083 3123 1195 3209 vigore
1212 3123 1424 3209 conjunctum
1440 3121 1552 3207 fuisse,
1566 3143 1639 3187 cum
1652 3126 1787 3209 propter

504 3261 608 3348 ipsam
642 3259 826 3327 saltationis
860 3264 1003 3325 armatae
1037 3263 1189 3325 naturam
1223 3278 1358 3325 necesse
1390 3263 1458 3342 est,
1490 3262 1559 3322 tum
1592 3278 1634 3323 ex
1658 3257 1782 3322 Athen.

504 3394 588 3460 XIV
611 3416 642 3482 p.
668 3397 729 3461 631
757 3394 789 3458 b.
813 3399 966 3482 apparet:
989 3394 1111 3459 τακτέον
1134 3394 1158 3458 δ’
1174 3394 1221 3460 ἐπί
1245 3403 1297 3469 τῆς
1322 3392 1463 3475 πυρρίχης
1480 3394 1520 3459 τοὶ
1537 3392 1689 3458 salsiora
1707 3393 1785 3469 utta

504 3528 554 3596 κοιί
577 3529 643 3601 τοὺς
666 3530 767 3610 ίρίίους
790 3530 921 3611 ῥυθμούς.

549 3665 654 3732 Sobel.
686 3665 729 3731 ad
758 3686 801 3733 va.
832 3666 909 3732 168.
945 3665 1068 3752 (Ddbn.
1093 3688 1124 3754 p.
1150 3668 1214 3734 279
1239 3664 1271 3731 b.
1300 3665 1354 3751 14)
1377 3670 1432 3729 τῶν
1456 3669 1555 3745 νεκρῶν
1578 3661 1705 3739 δνλονίτυ
1731 3654 1788 3727 τῶν

505 3802 565 3889 [ἐπί
588 3802 634 3888 τὸ]
657 3803 794 3868 areatas
816 3801 984 3879 μελλόντων
1007 3803 1046 3875 είς
1071 3804 1120 3867 τὸν
1139 3802 1250 3877 Ἅιδην.

467 4015 476 4040 ’
549 3938 641 4015 Quae
663 3938 781 4004 inclusi
805 3936 943 4004 delenda
968 3943 1063 4023 sunt;
1087 3959 1105 4004 e
1130 3941 1226 4003 textu
1249 3935 1418 4024 irrepsisse
1442 3935 1495 4002 rel
1519 3956 1561 4000 cx
1577 3933 1641 4000 alio
1658 3931 1782 3998 scholio

506 4072 634 4139 residua
657 4094 728 4139 csse
752 4073 916 4140 videntur.

549 4207 653 4274 Sobol.
677 4209 758 4275 Rev.
782 4210 826 4275 ad
847 4230 891 4276 vs.
915 4212 993 4276 177.
1017 4207 1086 4275 ἐννέ’
1109 4209 1247 4285 ίβολούςε
1275 4207 1339 4272 οίντί
1364 4212 1415 4272 τοῦ
1439 4207 1512 4285 μίαν
1530 4205 1618 4284 laroc
1636 4205 1784 4284 δραχμήν.

504 4343 709 4430 Quamquam
739 4343 801 4409 hoc
825 4342 956 4410 dicendi
980 4365 1086 4430 genus
1110 4343 1196 4432 apud
1220 4342 1368 4426 Atticos,
1393 4340 1479 4428 quod
1504 4340 1620 4424 sciam,
1646 4360 1712 4404 non
1736 4338 1785 4403 in·

503 4479 649 4564 venitur,
685 4478 766 4543 nihil
800 4477 994 4545 mutandum
1026 4478 1156 4546 ridetur
1187 4479 1259 4546 coll.
1291 4478 1459 4544 Prisciano
1490 4477 1526 4542 II
1556 4498 1587 4564 p.
1620 4477 1685 4541 395
1718 4473 1783 4560 (ad.

503 4613 638 4700 Krehl):
670 4613 798 4691 Δίδυμος
828 4614 858 4678 ἕν
887 4615 929 4694 τῷ
958 4613 1022 4697 περὶ
1053 4623 1106 4690 τῆς
1130 4614 1212 4695 πυροὶ
1235 4613 1386 4694 ‘Passalos
1409 4611 1592 4690 οίνοιλορίοοςι
1613 4611 1709 4682 Ἴωνες
1733 4607 1783 4673 κοί

535 4954 563 5022 1)
580 4956 627 5008 Ar.
644 4952 711 5007 1373
727 4969 800 5020 sqq.,
818 4953 889 5005 Nub.
906 4951 965 5004 333.
998 4909 1000 4912 Α

536 5049 565 5113 2)
581 5049 653 5100 Nub.
669 5047 727 5100 988.

1945 386 1957 678 ἰ

1957 868 1969 1199 l
