4234 6059
1123 662 1165 729 86

500 890 589 966 loco,
634 888 713 953 satia
747 887 917 975 inelegans
952 892 1020 971 eat,
1054 887 1154 953 immo
1191 886 1268 952 lerri
1304 888 1360 953 vix
1396 908 1492 975 posse
1526 888 1607 953 mihi
1642 888 1781 959 videtur.

500 1025 618 1111 Neque
648 1023 855 1088 scholiastam
887 1027 1035 1089 nostrum
1068 1022 1236 1109 cognitum
1262 1043 1338 1088 eum
1360 1023 1514 1089 habuisse
1537 1023 1618 1089 mihi
1641 1029 1781 1090 constat.

501 1159 555 1226 Ad
589 1181 637 1226 va.
676 1159 760 1225 1386
797 1162 950 1224 annotat:
990 1159 1027 1230 ὦς
1062 1158 1086 1222 οἱ
1109 1157 1150 1223 τοὶ
1174 1158 1235 1237 ἓριοι
1266 1164 1429 1231 πωλοῦντες
1453 1158 1610 1241 βρέχουσιν
1635 1162 1716 1225 adrat
1739 1157 1784 1225 lca

501 1295 663 1374 βαρύνουσι
686 1296 717 1389 ἐν
737 1294 778 1373 τῷ
802 1294 942 1376 σταθμῷ,
967 1313 1105 1379 quorum
1129 1292 1239 1381 priora
1262 1314 1366 1380 usque
1391 1294 1431 1359 ad
1456 1291 1502 1360 iva
1526 1295 1671 1382 alioquin
1695 1300 1782 1361 certe

502 1428 672 1495 omisisset.
698 1428 802 1494 Nimis
818 1426 976 1494 audacem
990 1425 1093 1514 igitur
1110 1448 1161 1493 me
1179 1448 1250 1493 osse
1267 1448 1333 1493 nou
1350 1428 1504 1495 existimo
1519 1430 1547 1494 si
1557 1430 1787 1517 interpolatori

502 1585 549 1630 vs.
575 1566 659 1629 1387
695 1584 755 1629 noa
792 1562 912 1629 debere
946 1562 1122 1631 contendo.
1146 1600 1190 1612 -
1215 1562 1346 1630 Similes
1382 1564 1424 1631 ob
1459 1586 1573 1631 causas
1610 1566 1671 1631 viri
1696 1565 1786 1633 docti

501 1699 600 1765 hosce
622 1720 686 1766 νοτ.
711 1698 880 1765 delerunt:
907 1701 966 1783 15,
993 1702 1074 1783 168,
1100 1700 1184 1783 012,
1212 1700 1318 1783 1086,
1349 1701 1446 1784 1122,
1474 1701 1558 1766 1157
1575 1700 1611 1782 ¹).

546 1835 651 1901 Sahal.
683 1834 727 1899 ad
756 1855 800 1901 aa.
830 1836 930 1899 1400.
963 1834 1089 1919 (Diibn.
1115 1856 1146 1922 p.
1172 1837 1247 1901 311.
1282 1836 1339 1921 35)
1362 1834 1475 1913 μήποτ’
1499 1831 1545 1901 οὖν
1569 1837 1674 1901 ἐκεῖθεν
1700 1834 1785 1926 (scil.

502 1992 546 2036 ex
576 1969 738 2058 Telepho)
768 1967 811 2046 ἧν.
841 1974 959 2045 μᾶλλον
989 1970 1019 2032 δὲ
1050 1969 1229 2050 ἕσχεδιοικὼς
1253 1968 1296 2045 εἴν
1325 1970 1549 2051 Ἀριστοφάνης.
1572 1972 1715 2050 οὐδὲγὰρ
1739 1974 1787 2039 τὸν

502 2106 657 2184 Εὐριπίδην
687 2112 773 2170 τοῦτο
796 2105 1005 2186 προφερόμενον
1030 2110 1177 2192 <ποιεῖ>
1203 2106 1288 2169 clatet
1311 2104 1359 2170 τδν
1384 2106 1520 2171 Διόνυσον
1543 2106 1743 2190 χλευάζοντα.

546 2243 629 2310 Voc.
664 2248 742 2307 ποιεῖ
772 2241 914 2325 inserui,
951 2261 1017 2306 uuo
1055 2245 1168 2306 tenore
1201 2240 1317 2307 ultima
1343 2240 1478 2327 legens,
1509 2241 1544 2307 in
1567 2242 1686 2329 quibus
1709 2249 1787 2312 ante

503 2377 595 2441 aiala
611 2382 733 2463 puncto
758 2376 930 2463 distinguit
953 2375 1064 2444 Dubn.
1090 2396 1121 2443 τ.
1142 2375 1307 2442 Lecuwen
1320 2376 1346 2461 2)
1363 2377 1551 2465 proposuit;
1577 2380 1787 2461 προφέρειν

503 2521 568 2593 νῦν,
596 2512 649 2578 cui
673 2512 881 2597 conjecturae
905 2511 1140 2577 correctionem
1164 2532 1271 2577 meam
1294 2516 1471 2599 antepono.

549 2647 654 2714 Sahal.
678 2647 761 2713 Ilua.
786 2646 829 2711 ad
851 2666 894 2713 aa.
918 2648 1018 2711 1422.
1044 2645 1250 2723 Ἀλκιβιοὶδουι
1275 2646 1338 2726 περὶ
1362 2622 1415 2722 mic
1438 2647 1572 2728 δευτέροις
1597 2650 1688 2713 αὐτοῦ
1705 2649 1786 2726 λέγει

505 2784 739 2864 ἀποχωρήσεως,
765 2778 797 2859 ἣν
820 2780 890 2847 laur
914 2782 1044 2865 ἔφυγεν,
1068 2782 1214 2846 κατελθὼν
1238 2783 1291 2858 μὲν
1315 2782 1362 2847 ἐπὶ
1388 2783 1571 2860 Ἀντιγένους
1587 2783 1640 2861 πρὸ
1656 2784 1787 2849 ε’νιονυτοῦ

504 2924 560 2983 τῶν
591 2918 771 3003 Βοστροὲχοιν,
804 2918 851 2982 διὰ
883 2918 912 2981 δὲ
943 2916 975 2981 τὸ
1001 2923 1156 2982 πιοτεῦοοιι
1181 2916 1327 2999 Ἀντιόχῳ
1351 2919 1393 2998 τῷ
1415 2916 1576 2999 κυβερνήτῃ
1600 2918 1633 2984 τὸ
1656 2918 1788 2985 νσουτικδν

505 3051 607 3129 (dv)
632 3052 682 3118 καὶ
707 3055 863 3128 ἡττηθῆναι
887 3051 942 3116 ὑπὸ
969 3050 1135 3130 Λυσάνδρου
1160 3052 1362 3133 δυσχερονθεὶς
1386 3052 1437 3117 ὑπ’
1463 3054 1627 3130 Ἀθηναίων.

550 3188 679 3256 Inserui
713 3209 894 3277 pronomen
929 3209 993 3275 quo
1030 3209 1112 3276 opus
1148 3194 1208 3255 est.
1254 3188 1393 3275 Pugnae
1432 3189 1521 3255 enim
1556 3191 1664 3257 navali
1700 3191 1787 3279 apud

505 3327 640 3393 uocum
673 3326 744 3411 ipse
781 3291 968 3390 animares
999 3346 1065 3390 non
1096 3324 1189 3390 affuit
1222 3324 1361 3390 testibus
1393 3325 1480 3393 xen.
1513 3326 1600 3393 Heu.
1633 3326 1661 3395 1.
1687 3328 1717 3394 4.
1745 3330 1783 3393 11

507 3483 594 3548 sqq.;
619 3459 716 3526 Diod.
741 3459 805 3525 sic.
829 3460 928 3525 XIII.
954 3463 1007 3528 71.
1747 3542 1750 3549 ¹

550 3596 607 3661 Ad
628 3616 674 3695 aa.
696 3597 786 3661 1422
808 3616 856 3682 sq.
892 3607 967 3661 Διο.
992 3603 1101 3676 πρῶτον
1124 3597 1178 3673 μὲν
1200 3593 1246 3661 οὖν
1269 3597 1332 3678 περὶ
1355 3596 1547 3674 Ἀλκιβιάδου
1570 3596 1625 3662 τίν’
1650 3598 1755 3679 ἔχετον

992 3731 1111 3809 γνώμην
1133 3733 1283 3812 ἕκοὶτεροςς
1309 3736 1325 3808 ἦ
1350 3734 1434 3805 πόλις
1457 3733 1516 3813 aaa
1540 3734 1741 3798 dccccxci·

552 3868 649 3934 Kock
683 3872 840 3934 annotat:
879 3867 951 3933 hier
985 3867 1096 3933 nicht:
1140 3867 1275 3955 ,paliari
1313 3868 1468 3953 schwer”,
1507 3868 1669 3937 sondern:
1713 3869 1791 3949 „hat

515 4005 660 4090 Uapzaca
683 4006 740 4068 mit
764 4003 855 4068 νἸινονι
879 4002 1063 4069 Kiadera”.
1102 4003 1193 4080 Quae
1217 4006 1341 4087 versio,
1375 4003 1471 4069 nimis
1496 4003 1691 4089 artificiosa,
1723 4025 1790 4070 nou
1842 4010 1848 4015 ’

509 4138 587 4203 fecit
612 4147 648 4202 ut
672 4140 706 4203 in
723 4139 857 4225 vulgata
873 4138 1123 4225 acquiescerem.
1147 4139 1301 4205 lleineka
1318 4140 1477 4226 conjecit:
1502 4139 1702 4224 διστομεῑ,
1720 4140 1791 4226 ipsc

509 4274 621 4339 Kock:
646 4274 848 4361 δυοφορεῑ,
873 4296 939 4340 non
963 4275 1067 4341 multo
1091 4275 1227 4360 felicius,
1253 4277 1280 4339 si
1303 4275 1382 4362 quid
1399 4274 1504 4342 video.
1529 4274 1609 4343 Erat
1629 4275 1790 4363 cumipse

511 4409 695 4476 tentabam:
721 4410 929 4490 terrogat,
953 4412 1006 4477 oui
1028 4411 1163 4477 lectioni
1186 4410 1296 4476 favere
1313 4410 1470 4498 putabam
1487 4432 1534 4477 vs.
1555 4410 1651 4477 1449.
1676 4409 1792 4498 Nuper

511 4564 587 4608 vero
619 4544 800 4630 speciosam
830 4545 982 4630 vulgatae
1015 4545 1340 4633 interpretationem,
1376 4545 1417 4610 ab
1455 4545 1636 4611 editoribus
1670 4544 1792 4611 huc'us·

543 4837 629 4940 1107.
646 4877 742 4929 Martia
761 4882 777 4931 1.
796 4882 813 4932 l.
831 4882 894 4945 pres.
912 4896 937 4945 p.
955 4881 996 4933 15.

545 4970 572 5035 2)
591 4970 716 5024 Mnemos.
733 4972 766 5023 24
784 4989 808 5038 p.
826 4973 882 5026 344.
