4234 6059
1137 744 1179 817 20

517 973 685 1059 solebant,
716 974 751 1040 in
783 978 853 1040 toto
876 972 1001 1039 scholio
1024 993 1092 1039 non
1114 971 1278 1057 indicato,
1313 971 1523 1041 inserendum
1548 995 1619 1040 esse
1644 976 1799 1063 conjiciet

518 1111 673 1197 <μένη>,
705 1109 778 1175 coll.
813 1110 913 1176 schol.
947 1108 988 1174 ad
1019 1130 1066 1176 us.
1093 1111 1169 1175 293.
1206 1108 1298 1174 Nihil
1321 1109 1409 1175 enirn
1434 1109 1646 1176 tribuendum
1669 1111 1801 1179 videtur

517 1244 641 1311 Herod.
672 1266 704 1332 p.
741 1246 806 1309 473
841 1244 907 1330 (ed.
943 1244 1111 1329 Pierson),
1144 1244 1200 1330 qni
1231 1244 1265 1309 in
1295 1265 1358 1309 usu
1390 1264 1462 1310 osse
1494 1245 1681 1312 contendit:
1712 1248 1801 1325 μέσον

516 1381 626 1460 ἡμέρας
661 1381 710 1444 καὶ
744 1381 937 1461 μεσημβρία,
970 1380 1037 1460 οὐχὶ
1075 1379 1150 1454 μέση
1184 1379 1288 1460 ἡμέρα.
1326 1379 1464 1467 Saepius
1488 1379 1576 1469 opud
1599 1381 1801 1449 recentiores

515 1515 578 1581 hoo
602 1515 769 1582 invenitur
787 1516 813 1601 ¹)
837 1515 921 1580 sicut
945 1513 1032 1602 apud
1056 1514 1209 1601 antiquos
1232 1513 1308 1592 μέοη
1334 1513 1395 1592 νύξ.
1413 1517 1450 1601 ²).

560 1647 637 1713 Alia
660 1667 790 1735 quoquc
814 1646 1003 1711 testimonia
1022 1645 1271 1712 consuetudinis
1287 1647 1476 1713 inferiarum
1493 1649 1644 1715 manibus
1662 1649 1801 1716 offeren-

517 1782 631 1848 darum
666 1787 740 1869 post
774 1780 944 1847 meridiem
978 1781 1087 1848 offerri
1121 1752 1269 1869 possunt.
1316 1782 1467 1849 Eustath.
1504 1783 1545 1849 ad
1570 1785 1731 1853 11.V111.
1757 1788 1800 1850 66

516 1922 670 1984 annotat:
704 1917 737 1981 τὸ
767 1918 827 1996 γὰρ
857 1916 1055 1998 μενύμβρινον
1079 1926 1138 1990 τοῖς
1161 1918 1379 1999 κατοιχομένοις
1403 1919 1547 1997 ἀπένεμον
1570 1921 1611 1992 εἰς
1634 1921 1731 2006 χούς,
1758 1921 1798 1986 of.

516 2053 627 2140 noym.
657 2053 701 2119 Μ.
733 2074 765 2140 p.
798 2054 874 2120 463.
901 2054 953 2119 32.
1000 2052 1052 2118 De
1083 2052 1220 2119 heroum
1256 2052 1365 2139 cuitu,
1399 2055 1455 2142 qui
1485 2059 1605 2121 natura
1637 2076 1696 2121 sna
1719 2054 1800 2120 infc-

516 2211 626 2256 rorum
651 2195 701 2257 est
724 2191 830 2256 cultus
853 2189 950 2276 Diog.
987 2188 1098 2256 Laert.
1124 2192 1154 2255 8.
1180 2193 1222 2254 33
1248 2187 1316 2278 (ed.
1341 2188 1474 2278 Cobet),
1499 2189 1595 2256 dicit:
1620 2189 1703 2271 ἥρωσι
1724 2190 1796 2256 θύειν

516 2327 577 2392 ἀπὸ
607 2324 697 2403 μέσον
729 2326 848 2407 ἡμέρας.
883 2324 924 2392 ci.
956 2323 1105 2391 Rosoher
1135 2325 1250 2392 Lexic.
1282 2324 1312 2392 d.
1338 2324 1394 2392 Gr.
1419 2347 1451 2392 ο.
1476 2325 1572 2392 Rom.
1597 2324 1703 2413 Myth.
1728 2325 1743 2393 Ι
1767 2349 1798 2414 p.

518 2464 606 2527 2450
630 2483 696 2549 sq.,
720 2482 753 2548 p.
778 2463 865 2526 2512
889 2482 937 2547 sq.

561 2594 665 2665 Schol.
688 2597 768 2662 Rau.
793 2597 836 2662 ad
859 2617 903 2664 os.
926 2599 1004 2665 230.
1038 2595 1219 2677 κεροβάταςι
1245 2597 1375 2674 niteat.-
1399 2604 1509 2680 φησιν·
1537 2597 1598 2672 ἤτοι
1624 2595 1666 2663 ύτι
1690 2598 1800 2679 κέρατα

517 2733 581 2812 ἔχει
604 2733 621 2807 ἢ
644 2727 699 2796 οἷον
723 2732 1037 2812 κερ<ατιν>οβιὶτης,
1061 2734 1113 2807 την
1136 2732 1227 2811 βύοιν
1251 2733 1328 2813 ἔχων
1351 2735 1504 2814 κερύτινον.

562 2867 628 2934 Pro
661 2867 810 2934 inaudita
842 2868 964 2954 forma,
999 2890 1097 2954 qnam
1132 2868 1276 2934 restituit
1306 2869 1427 2954 Rutu,
1463 2867 1670 2935 scribendum
1696 2873 1797 2957 puto:

517 3003 794 3084 κερατοβύτης
841 3026 884 3070 ex
922 3005 1031 3090 glossa
1068 3003 1232 3090 Hesych.:
1284 3004 1463 3084 κεροβύτηςι
1502 3004 1724 3085 κερατοβύτης,
1765 3008 1800 3070 et

517 3144 705 3228 praeterea:
729 3141 940 3220 κερατίνην
960 3161 1035 3206 cnm
1058 3138 1157 3205 Dind.
1183 3143 1217 3205 et
1239 3140 1350 3206 Diibn.

562 3274 611 3343 Id.
646 3276 767 3359 (Diibn.
804 3296 835 3362 p.
872 3277 948 3340 282.
986 3277 1043 3361 23)
1081 3276 1093 3338 ν’
1128 3274 1377 3358 καλαμοφύύγγα
1412 3274 1540 3356 ταέζοννι
1577 3275 1639 3341 ἐπεὶ
1677 3275 1798 3354 σύριγγι

517 3409 616 3486 ἥδεται
651 3411 664 3475 d
697 3410 780 3495 Πύον,
816 3408 877 3483 ἥτις
913 3407 990 3474 ἐστὶν
1026 3412 1058 3474 ἐκ
1093 3409 1248 3488 καλάμων.
1284 3409 1382 3491 ἠχώδη
1418 3411 1446 3474 δέ
1470 3411 1521 3487 ἡδὺ
1547 3411 1608 3475 aab
1632 3419 1684 3487 τῆς
1707 3411 1798 3492 λύρας

516 3546 705 3621 οξνετέμτετο
729 3549 745 3620 ἢ
770 3544 812 3610 ύτι
836 3545 972 3622 κύλαμος
997 3546 1095 3610 τύλαι
1119 3546 1185 3611 cinci
1209 3551 1260 3610 τοῦ
1284 3545 1402 3624 κέρατος
1427 3545 1576 3611 ύτετύύετο
1599 3555 1636 3628 τῇ
1659 3545 1742 3629 λύρᾳ.

562 3681 734 3747 Postrema
772 3679 850 3746 inde
890 3681 930 3746 ab
970 3680 1069 3761 η’χύδη
1105 3679 1176 3747 cod.
1213 3681 1297 3747 Rau.
1333 3682 1451 3747 omisit.
1476 3681 1620 3747 Dindorf
1640 3685 1797 3747 annotata

521 3815 620 3901 „did
644 3816 841 3882 scribendum
863 3816 1006 3883 videtur:
1030 3817 1047 3892 ἢ
1073 3814 1203 3883 3ιο’τι.”
1240 3810 1408 3893 Quaenam
1433 3822 1543 3883 antem
1567 3817 1733 3884 sententia
1752 3817 1798 3881 sio

517 3954 721 4036 restituatur,
750 3973 879 4039 prorsus
911 3972 978 4017 non
1011 3952 1115 4040 capio.
1151 3952 1222 4039 Ego
1247 3952 1406 4019 scholium
1429 3953 1548 4041 partim
1574 3953 1615 4020 ad
1640 3974 1686 4020 vs.
1713 3954 1796 4037 231,

516 4088 635 4175 partim
666 4087 707 4153 cd
738 4109 784 4155 vs.
817 4090 882 4153 232
914 4087 1026 4153 referri
1050 4087 1205 4176 suspicor.
1240 4089 1298 4154 Vs.
1324 4090 1408 4172 231,
1440 4089 1588 4154 Iemmuti
1612 4088 1797 4169 τροοετιτέρ-

517 4247 606 4286 τεται
640 4222 804 4291 adscribo:
839 4224 918 4304 ἠχὼ
953 4224 994 4299 δὶς
1028 4224 1089 4288 atat
1124 4232 1178 4300 τῆς
1211 4223 1301 4304 λύρας
1326 4223 1515 4300 οὲνετέμτετο
1531 4224 1570 4310 ³),
1607 4222 1726 4291 deinde
1749 4245 1797 4290 vs.

518 4360 582 4423 232
609 4358 757 4424 lemmati
787 4359 951 4440 ύτολύριονι
981 4357 1024 4424 ύτι
1052 4359 1189 4437 κύλαμις
1220 4360 1317 4424 τύλαι
1341 4359 1405 4424 duri
1429 4366 1480 4425 τοῦ
1505 4359 1623 4438 κέρατος
1648 4359 1797 4424 ύτετέύετο

525 4606 771 4620 *nu———n

550 4777 578 4845 t)
595 4778 623 4831 F.
641 4795 665 4847 g.
682 4779 823 4831 Herodiani
840 4777 908 4831 Hist.
929 4777 1000 4831 VIII.
1017 4779 1041 4832 5.
1058 4778 1100 4831 23.

551 4874 579 4939 2)
597 4873 636 4926 Cf.
652 4873 755 4926 Lohecir
772 4874 805 4924 ad
821 4873 920 4940 Phryn.
938 4889 962 4938 p.
980 4872 1014 4925 53
1031 4888 1073 4939 sq.

549 4967 577 5033 3)
601 4967 688 5019 Simili
719 4968 795 5018 modo
827 4968 915 5019 locum
937 4968 1051 5020 correxit
1074 4966 1220 5031 Fritzsche,
1254 4965 1300 5030 qui
1323 4965 1400 5031 legit:
1427 4965 1483 5030 ιἠχδι
1509 4965 1536 5016 δὲ
1554 4964 1625 5024 ἡδεῖα
1643 4975 1701 5017 κτλ.
1745 4965 1796 5017 Sed

516 5061 644 5125 adjectivo
661 5060 733 5118 ἡδεῖα
749 5063 823 5114 locus
841 5077 898 5114 esse
915 5063 959 5114 hic
977 5078 1032 5114 non
1050 5061 1163 5112 videtur.
