4234 6059
1106 712 1148 777 56

529 941 634 1007 Sobel.
657 939 739 1005 Rae.
765 938 809 1003 ud
831 958 874 1003 va.
898 940 974 1003 839.
1009 936 1245 1017 απεμλάλννονε
1281 939 1332 1001 οὐκ
1366 934 1463 1001 εἰδότα
1497 944 1613 1003 λαλεῖν.
1641 931 1695 1001 οἷον
1717 940 1772 1002 οὐκ

484 1076 521 1141 ἄν
543 1100 587 1148 τις
610 1074 820 1155 septenariam.

530 1212 664 1298 Integra
697 1210 779 1277 haec
813 1230 886 1275 esse
921 1230 988 1273 non
1023 1208 1140 1293 credo;
1176 1207 1284 1295 priora
1318 1206 1435 1274 saltem
1470 1218 1540 1293 quo*
1569 1207 1667 1273 modo
1691 1208 1763 1272 huic

484 1346 631 1414 lemmati
666 1344 830 1433 adscripta
862 1364 933 1411 esse
968 1344 1097 1431 possint
1120 1364 1235 1431 parum
1258 1344 1374 1431 liquet.
1421 1342 1522 1409 Aliud
1547 1341 1627 1430 quid
1651 1342 1765 1408 scholi·

485 1487 589 1547 astam
612 1480 665 1546 hic
687 1480 824 1567 legisse,
849 1478 912 1543 nisi
935 1479 1068 1565 egregie
1091 1478 1195 1561 fallor,
1219 1477 1367 1544 indicant
1383 1498 1411 1545 ο.
1429 1498 1478 1565 g.:
1516 1480 1766 1556 ἀπειρόκαλον.

485 1615 539 1682 Ad
573 1616 658 1681 hanc
692 1615 780 1681 enim
813 1614 988 1679 lectionem
1022 1620 1161 1701 utraque
1193 1612 1370 1700 explicatio
1402 1618 1478 1701 apte
1510 1612 1705 1699 quadraret,
1743 1610 1768 1675 si

485 1773 558 1818 cum
582 1749 758 1837 Blaydesio
782 1754 911 1815 vertere
933 1748 1064 1814 liceret:
1092 1748 1282 1835 loquacitate
1304 1768 1367 1813 αοα
1382 1747 1608 1834 superandum.
1632 1747 1717 1813 Nam
1734 1745 1767 1811 iu

486 1885 674 1972 compositis
706 1905 780 1950 cum
803 1886 903 1965 ἁαενρν
928 1921 970 1933 -
994 1890 1135 1972 utraque
1158 1882 1313 1971 adjectivi
1337 1882 1429 1949 notio
1452 1883 1551 1949 valet.
1599 1880 1769 1969 Significat

486 2026 559 2087 aut:
584 2022 735 2106 ipacruc,
761 2040 871 2105 capara
893 2019 1107 2107 (Thesmoph.
1136 2021 1198 2085 119
1222 2018 1439 2100 οὶννενρολεχνίς,
1463 2017 1560 2084 Piud.
1578 2016 1674 2084 Nem.
1692 2018 1768 2083 4.30

485 2156 709 2239 ἀπειρομάχας)
744 2160 818 2221 aut:
853 2153 1002 2238 infinitus
1036 2153 1171 2239 (Aeach.
1208 2153 1321 2240 Suppl.
1360 2156 1399 2218 'll
1439 2153 1672 2237 ἀπειρόδακρος).
1731 2152 1767 2216 In

486 2295 646 2355 contextu
682 2290 783 2375 igitur
819 2289 883 2355 tale
908 2288 987 2376 quid
1022 2288 1230 2354 scholiastam
1254 2288 1373 2375 legisse
1398 2288 1568 2376 probabile
1592 2286 1697 2353 duco:
1724 2287 1770 2351 τὸν

486 2424 695 2508 ἄπειρόλαλον,
720 2424 769 2488 τὸν
792 2426 1131 2505 κομποφακελορρήμονα
1150 2422 1188 2511 ¹).
1214 2423 1254 2490 ef.
1279 2444 1324 2489 va.
1350 2426 1414 2489 815
1439 2422 1591 2499 ὄξνλαλον.

532 2558 637 2623 Sobel.
663 2558 741 2627 Rae.
765 2558 809 2622 ad
830 2578 873 2623 vc.
898 2560 974 2625 840.
1010 2557 1117 2633 ἄληθες
1148 2555 1168 2623 ὦ
1192 2566 1252 2622 παῖ
1271 2574 1358 2624 ara:
1382 2560 1447 2623 ἀντὶ
1472 2565 1523 2623 τοῦ
1548 2556 1633 2629 ὅντως
1659 2558 1692 2631 δή
1716 2581 1770 2643 οο;

531 2693 571 2757 Ιο
604 2694 759 2758 lemmate
793 2694 897 2766 ἀληθές
925 2695 1053 2782 scripsit
1077 2693 1200 2777 Ruth.,
1236 2698 1398 2759 annotans
1421 2693 1630 2759 scholiastam
1655 2695 1767 2768 elandria

487 2828 710 2913 intellexisse,
754 2850 949 2916 quamquam
989 2828 1154 2917 quomodo
1190 2830 1388 2895 sententiam
1425 2828 1648 2895 construxerit
1682 2828 1769 2894 haud

488 2964 583 3029 facile
629 2963 762 3031 dixeris.
817 2966 955 3031 Praeter
990 2965 1236 3043 necessitatem,
1283 2970 1320 3030 ut
1355 2964 1480 3054 opinor.
1517 2965 1556 3029 cf.
1593 2964 1692 3031 schol.
1729 2963 1769 3029 ad

491 3100 579 3167 Plut.
615 3122 661 3167 vs.
702 3103 783 3185 1233
820 3105 1012 3187 argumento
1049 3122 1121 3166 esse
1160 3101 1274 3187 nequit
1309 3100 1408 3166 schol.
1445 3099 1486 3166 ad
1510 3100 1597 3167 Nub.
1621 3122 1668 3167 vs.
1694 3103 1769 3166 841.

491 3235 608 3300 Versio
631 3240 741 3302 autem
765 3237 853 3321 ejus:
877 3257 932 3300 arc
954 3258 1017 3322 you
1041 3237 1143 3322 really
1165 3237 1226 3300 be?
1249 3257 1380 3323 prorsus
1403 3242 1454 3301 est
1470 3235 1648 3321 rejicienda
1684 3235 1770 3311 Quid

492 3371 519 3433 si
549 3368 590 3433 ad
622 3392 669 3436 vs.
694 3372 923 3457 insequentem
946 3371 1027 3436 haec
1051 3373 1238 3459 pertinent,
1262 3372 1310 3436 ita
1334 3376 1371 3436 ut
1394 3371 1493 3437 verba
1516 3372 1552 3434 σὺ
1576 3370 1627 3455 δή,
1653 3392 1772 3456 magna

492 3525 565 3568 cum
600 3503 747 3591 emphasi
780 3504 815 3569 in
850 3526 963 3570 versus
997 3505 1092 3572 initio
1117 3506 1242 3595 posita,
1272 3506 1462 3572 fulcimento
1487 3505 1576 3571 sint?
1612 3504 1673 3571 cui
1698 3526 1772 3571 con·

486 3641 637 3724 jecturae
672 3640 782 3705 favere
817 3639 958 3723 videtur,
993 3641 1081 3728 quod
1115 3642 1151 3707 in
1185 3641 1256 3709 cod.
1294 3643 1376 3708 Rev.
1401 3642 1436 3706 in
1459 3642 1525 3707 fine
1549 3641 1772 3707 annotationis

490 3776 573 3841 haec
602 3776 808 3862 legebantur.
834 3815 875 3824 -
901 3776 993 3852 Quae
1024 3784 1135 3843 autem
1160 3777 1200 3843 de
1224 3777 1314 3843 varia
1336 3776 1494 3843 lectione:
1519 3776 1624 3850 ἄληθες
1648 3777 1772 3861 (ἀληθὲς

492 3912 609 3995 Ruth.)
632 3909 665 3976 εἷ
684 3920 770 3983 παῖς
794 3929 861 3978 κτλ.
897 3912 1000 3979 Ruth.
1025 3912 1121 3997 dicit,
1146 3918 1183 3978 ut
1200 3934 1314 4001 parum
1330 3907 1513 4001 probabilia
1530 3912 1789 3999 praetermitto.

538 4047 641 4113 Schol.
666 4047 746 4114 Rae.
771 4048 815 4112 cd
836 4069 880 4115 os.
904 4050 980 4114 847.
1016 4046 1090 4127 ἄρνα
1114 4050 1251 4124 μέλανας
1276 4052 1311 4122 ὡς
1337 4047 1471 4123 τοιαύτης
1495 4048 1650 4125 γενομένης
1673 4048 1773 4119 θυσίας

493 4185 533 4259 τῷ
556 4187 676 4261 Τυφῶνι
700 4183 727 4244 ἐν
750 4184 790 4261 τῷ
814 4181 901 4258 λῆξαν
926 4184 982 4252 τὰς
1007 4183 1199 4259 καταιγίδας.

539 4314 660 4378 Immo:
696 4315 759 4379 ἐπὶ
794 4320 834 4396 τῷ
870 4316 976 4400 λῆξαν,
1011 4324 1048 4381 ut
1067 4318 1137 4403 jam
1162 4318 1287 4383 Kuster
1315 4317 1468 4385 restituit.
1515 4317 1661 4383 Primum
1686 4316 1774 4383 enim

494 4447 681 4535 negandum
698 4454 747 4512 est
763 4451 791 4512 ἐν
807 4452 846 4530 τῷ
863 4449 950 4526 λῆξαν
967 4472 1121 4536 umquam
1138 4473 1292 4539 graecum
1308 4454 1407 4519 fuisse
1424 4474 1481 4541 pro
1497 4452 1620 4529 λήξαννν
1634 4452 1751 4538 (Ruth.
1766 4474 1775 4518 ε

398 4623 400 4626 -
494 4586 528 4649 νά
559 4604 643 4649 casca
673 4585 708 4648 ν’νν
729 4584 808 4648 wicta
832 4584 868 4649 bc
892 4585 950 4650 has
970 4588 1106 4672 atoppecl
1129 4588 1345 4674 turricolam),
1378 4592 1447 4653 tum
1471 4588 1571 4657 schol.
1596 4588 1782 4675 insequens

527 4914 555 4977 r>
573 4914 704 4976 Ribbeck,
731 4913 826 4963 suein.
853 4912 921 4964 rsus.
937 4911 970 4963 re
988 4928 1012 4978 p.
1029 4914 1085 4980 rra,
1105 4914 1240 4980 proposuit
1257 4913 1461 4981 amaseam,
1481 4916 1549 4981 quoa
1567 4876 1662 4981 parum
1680 4914 1775 4967 veriss-

495 5010 558 5058 mile
575 5013 626 5073 est,
647 5014 676 5058 ut
693 5008 793 5070 opinor.
1447 5019 1451 5028 ·
