4234 6059
553 1130 654 1220 Soph.
678 1129 798 1197 Electr.
823 1152 869 1197 τε.
896 1132 975 1197 792.

870 1264 974 1351 ι’ςκονε,
999 1266 1098 1345 νέμεσι
1122 1275 1172 1334 τοῦ
1196 1268 1326 1342 ίανίντος
1352 1269 1374 1333 οὶ
1382 1269 1443 1346 ρτί
1450 1293 1506 1341 ως.

552 1402 680 1489 Legem
703 1406 867 1490 praestat:
890 1402 1047 1475 οὶίλίως.

1113 1639 1175 1706 VI.

551 1854 655 1920 Τίνος.
678 1854 740 1922 ΙΙΙ.
768 1855 841 1921 108.
868 1858 898 1920 3.
923 1854 989 1940 (οό.
1014 1854 1169 1941 Classen)

553 1990 810 2069 ε’ποιναχωροῦντες
834 1989 884 2067 δέ,
907 1992 944 2060 ὥς
968 1988 1056 2067 ἑώρων
1080 1990 1113 2054 τδ
1137 1990 1225 2055 πλέον
1251 1990 1426 2064 νενικημένον
1449 1991 1498 2056 καὶ
1522 1991 1546 2055 οἱ
1570 1989 1660 2054 ἄλλοι
1685 1994 1792 2069 Ἀκαρ-

507 2126 590 2195 νοῖνες
614 2126 699 2204 σφίσι
721 2124 919 2208 προσέκειντο,
956 2130 1101 2205 χαλεπῶς
1125 2123 1287 2207 διεσῴζοντο
1311 2127 1340 2195 ἐς
1363 2124 1421 2190 τοὶς
1441 2124 1585 2209 Ὅλπας,
1611 2124 1661 2189 καί
1687 2124 1790 2189 πολλοὶ

507 2259 649 2323 ιὶπέίανον
684 2260 787 2324 αὐτῶν,
811 2257 830 2297 ¹⁸¹
851 2258 990 2332 οὶτιίκτως
1024 2258 1074 2324 καί
1100 2259 1188 2325 οὐδενί
1220 2259 1319 2341 κίσμηι
1343 2261 1573 2342 προσπίπτοντες
1599 2263 1676 2335 πλην
1702 2270 1786 2325 Μαι·

507 2393 622 2459 τινέων·
657 2390 733 2459 οὗτοι
756 2393 785 2460 δέ
807 2394 946 2470 μάλιστα
969 2392 1199 2473 ξυντεταγμένοι
1224 2396 1334 2468 παντὸς
1363 2402 1413 2461 τοῦ
1437 2401 1563 2476 στρατοῦ
1586 2393 1788 2475 ἀνεχώρησαν.

552 2528 847 2615 Tranuponendum
871 2534 937 2597 est:
1059 2532 1099 2602 εῐς
1122 2532 1178 2602 τοίς
1201 2531 1346 2613 Ὄλπας,
1371 2531 1557 2603 σίτοὶκτως
1581 2530 1645 2595 καί
1671 2530 1789 2596 οὐδενὶ

508 2663 635 2743 κόσμῳ
669 2666 993 2743 προσπίπτοντες.
1030 2665 1095 2730 καί
1131 2666 1270 2731 πολλοὶ
1307 2666 1501 2731 οίπέίανον
1537 2668 1665 2731 αὐτῶν
1711 2665 1787 2739 πλην

509 2800 694 2863 Μαντινέων·
717 2796 793 2864 οὗτοι
816 2816 885 2868 κτλ.

1108 3018 1185 3085 VII.

553 3234 656 3303 Thuo.
680 3235 721 3301 V.
750 3236 857 3300 1051.
882 3235 903 3299 f.
929 3232 997 3323 (ed.
1022 3236 1172 3321 Classen)

553 3371 645 3434 καίτοι
668 3371 700 3434 οὐ
724 3370 791 3448 πρὸς
815 3379 867 3445 τῆς
893 3371 1035 3450 ὑμετέρας
1058 3376 1106 3436 νῦν
1128 3372 1241 3448 οὶλόμον
1264 3373 1405 3449 σωτηρίας
1430 3375 1446 3446 η
1469 3369 1590 3446 τοιαύτη
1614 3370 1738 3435 διοίνοια.

553 3503 635 3572 Post
657 3506 798 3580 σωτηρίας
821 3506 1001 3574 inseratur:
1026 3507 1199 3579 ἐλπίδος.

1102 3758 1196 3825 VIII.

396 4002 408 4020 ·
509 3972 633 4040 Athen.
657 3974 775 4061 Deipn.
800 3974 817 4038 I
841 3997 871 4060 p.
899 3974 962 4039 llb
986 3973 1052 4058 (ed.
1076 3974 1212 4059 Kaibel)

554 4109 642 4173 ταῦτ’
666 4105 731 4174 εἶπε
755 4110 788 4174 τὸ
812 4109 966 4175 Θετταλὸν
989 4110 1126 4191 σόφισμα
1151 4110 1210 4184 ἦτοι
1234 4113 1247 4176 ὁ
1271 4112 1303 4174 ἐκ
1327 4111 1498 4181 Θετταλίας
1521 4108 1674 4188 σοφιστής·
1692 4109 1791 4189 παίζει

510 4242 603 4315 δ’ἴσως
626 4246 694 4323 πρὸς
717 4248 768 4319 την
792 4247 948 4325 παροιμίαν
971 4247 984 4309 ὁ
1009 4245 1168 4320 Ἀθήναιος.

554 4379 680 4446 Ultima
702 4379 778 4446 inde
803 4402 822 4445 a
845 4380 944 4446 verbo
969 4379 1066 4462 παίζει
1090 4379 1314 4467 expungenda
1336 4384 1424 4465 sunt.

1116 4614 1177 4682 IX.

556 4830 678 4896 Athen.
704 4829 823 4916 Deipn.
848 4828 891 4895 II.
916 4851 947 4917 p.
974 4831 1036 4894 600
1061 4828 1125 4911 (ed.
1150 4828 1285 4912 Kaibel)

802 4965 859 5048 ἐγὼ
882 4964 941 5049 γὰρ
966 4966 989 5029 εί
1014 4970 1068 5028 τῶν
1093 4965 1234 5049 ὑμετέρων
1258 4964 1390 5051 φάγοιμί
1414 4990 1460 5047 τι,
