4234 6059
352 1793 467 1890 Stadia
501 1795 686 1863 academico
722 1795 858 1862 decurso
894 1802 1005 1884 aptam
1040 1795 1270 1884 disputationis
1306 1795 1482 1864 materiam
1515 1815 1589 1862 cum
1678 1861 1681 1868 ,

307 1954 514 2018 quaererem,
551 1954 616 2018 qua
646 1934 715 2016 jam
752 1953 895 1998 summos
931 1934 965 1996 in
999 1933 1103 1996 literis
1140 1931 1280 1996 honores
1312 1936 1424 2018 petere
1450 1931 1589 2016 exlege
1647 1969 1648 1972 =

308 2067 387 2131 mihi
408 2068 532 2148 liceret,
555 2067 639 2131 forte
662 2067 793 2132 fortuna
816 2066 917 2131 incidi
939 2067 973 2131 in
999 2067 1131 2132 Scholia
1154 2066 1195 2132 ad
1213 2066 1442 2152 Aristophanis
1464 2067 1585 2132 Ranae.

280 2189 284 2197 ¹
307 2201 423 2286 Neque
447 2201 503 2264 diu
527 2202 684 2266 haesitavi
709 2201 788 2286 quin
812 2203 949 2265 aliorum
972 2201 1120 2286 vestigiis
1143 2202 1309 2286 ingressus
1333 2201 1422 2265 illam
1444 2201 1589 2285 qualem·

308 2356 446 2420 cumque
481 2337 733 2402 annotationum
770 2337 954 2421 congeriem
992 2358 1049 2422 pro
1085 2336 1170 2401 virili
1194 2341 1287 2422 parta
1313 2335 1424 2400 critice
1450 2339 1589 2400 tractare

308 2490 449 2535 conarer.
487 2471 553 2536 'Ad
583 2473 707 2557 justam
742 2473 829 2537 enim
864 2479 982 2559 poetae
1016 2472 1324 2559 interpretationem
1356 2470 1479 2536 scholia
1499 2469 1590 2534 haud

308 2625 443 2690 parvam
468 2606 588 2671 habere
612 2608 808 2690 utilitatem,
838 2609 909 2693 quis
934 2628 999 2671 non
1024 2607 1201 2688 concedet,
1226 2607 1281 2692 qui
1306 2607 1508 2693 reputaverit
1531 2605 1588 2688 iis,

308 2755 437 2826 praeter
470 2742 734 2807 observationum
765 2743 961 2827 farraginem
993 2743 1120 2806 futilem
1153 2749 1186 2805 et
1216 2740 1386 2822 inutilem,
1428 2740 1590 2805 contineri

308 2881 438 2960 q'uoquc
474 2897 573 2940 sanae
609 2877 760 2963 Didymi,
798 2877 1002 2961 Symmachi,
1043 2876 1243 2957 Aristarchi,
1280 2876 1417 2938 aliorum
1442 2881 1589 2940 veterum

308 3011 592 3095 grammaticorum
609 3012 635 3092 l)
678 3011 845 3075 doctrinae
890 3010 1042 3096 reliquias
1078 3010 1164 3074 haud
1202 3009 1426 3096 spernendas?
1464 3008 1589 3083 Quibus

309 3143 460 3209 destituti
490 3144 525 3207 in
555 3144 674 3207 tabulis
705 3144 956 3231 Aristophanais
983 3145 1073 3209 locos
1106 3143 1193 3214 haud
1225 3145 1271 3208 ita
1295 3165 1416 3232 paucos
1440 3153 1497 3208 aut
1521 3165 1589 3209 non

308 3286 366 3343 aut
389 3279 496 3343 minus
520 3279 605 3343 bene
628 3279 905 3364 intellegeremus.

354 3413 448 3478 Licet
472 3419 581 3480 autem
605 3415 714 3479 mirari
740 3453 780 3462 -
806 3415 837 3478 id
863 3413 950 3500 quod
976 3415 1097 3478 nemini
1123 3414 1232 3500 paullo
1257 3412 1438 3478 accuratius
1460 3419 1595 3479 textum

309 3547 465 3612 traditum
489 3549 700 3635 perlustranti
726 3572 790 3614 non
815 3550 942 3637 patebit
970 3588 1006 3598 -
1033 3550 1158 3613 scholia
1180 3549 1254 3629 illa,
1280 3555 1464 3636 temporum
1487 3548 1591 3613 homi-

308 3702 453 3768 numque
483 3685 603 3768 injuria
633 3686 772 3771 pessima
797 3685 924 3768 hahita,
958 3685 1146 3750 etiamnunc
1170 3692 1244 3771 post
1269 3690 1318 3748 tot
1341 3684 1486 3748 virorum
1511 3682 1586 3748 doc-

310 3823 418 3881 torum
443 3838 535 3881 curas
560 3825 625 3882 tam
650 3820 765 3884 mutila
789 3825 823 3884 et
846 3819 984 3905 disjecta
1001 3825 1034 3884 et
1050 3819 1148 3883 variis
1165 3818 1269 3883 modis
1287 3826 1438 3905 corrupta
1455 3818 1591 3882 circum-

309 3952 386 4017 ferri
410 3958 447 4017 ut
475 3952 526 4017 vel
551 3953 613 4017 tiro
638 3953 690 4017 hic
712 3955 779 4017 illic
804 3955 968 4019 molestias
994 3955 1109 4018 tollere
1135 3954 1373 4038 verborumque
1397 3957 1590 4018 contextum

310 4087 343 4150 in
367 4088 530 4173 integrum
555 4088 727 4154 restituere
754 4111 818 4154 non
843 4089 963 4153 frustra
987 4094 1173 4154 tentaturus
1198 4089 1249 4155 sit.

354 4222 618 4288 Fundamentum
643 4225 722 4288 mihi
746 4224 839 4312 posui
864 4222 1025 4288 editiones
1042 4222 1221 4306 Dindorfii,
1246 4222 1427 4307 Duebneri,
1444 4223 1589 4306 Martini,

310 4356 577 4438 Rutherlordi2).
626 4357 770 4432 Quarum
813 4357 1028 4423 Dindortiana
1069 4364 1104 4422 et
1139 4357 1373 4424 Duebneriana
1407 4359 1442 4422 in
1478 4365 1590 4423 textus

344 4675 372 4738 l)
390 4674 426 4724 Cf.
446 4675 476 4726 Ο.
495 4675 652 4727 Schneider:
679 4678 715 4726 De
733 4684 853 4728 veterum
870 4680 898 4728 in
917 4680 1122 4742 Aristophanem
1140 4679 1302 4729 scholiorum
1321 4679 1438 4728 fontibus
1456 4691 1591 4728 commen-

313 4769 420 4818 tationis
438 4784 463 4831 p.
481 4767 514 4818 86
531 4783 589 4833 sqq.

345 4861 372 4924 Ξ)
391 4860 495 4911 Scholia
521 4863 617 4912 codicis
644 4862 709 4913 Veu.
735 4879 766 4913 er
784 4864 900 4915 editione
917 4865 1103 4915 Duebneriana
1121 4864 1261 4928 exscripsi,
1290 4865 1335 4914 ubi
1353 4864 1453 4914 scholia
1470 4879 1484 4913 e
1502 4863 1591 4913 codice

312 4953 374 5004 Rav.
393 4954 526 5020 leguntur.
547 4956 752 5006 Rutherlordum
770 4964 877 5008 secutus
894 4973 963 5010 sum.
981 4960 1035 5008 llcc
1054 4974 1137 5008 unum
1157 4972 1262 5020 moneo,
1281 4973 1295 5007 e
1313 4958 1468 5021 promotoris
1481 4958 1590 5014 consilio

312 5042 354 5099 mc
371 5050 515 5105 correxisse
531 5056 657 5104 accentus
676 5051 791 5116 vitiosos,
812 5066 878 5125 qnos
897 5057 987 5105 tuetur
1006 5052 1087 5129 Ruth,
