<?xml version="1.0" encoding="UTF-8"?>
<!DOCTYPE html PUBLIC "-//W3C//DTD XHTML 1.0 Transitional//EN"
    "http://www.w3.org/TR/xhtml1/DTD/xhtml1-transitional.dtd">
<html xmlns="http://www.w3.org/1999/xhtml" xml:lang="en" lang="en">
 <head>
  <title>
</title>
<meta http-equiv="Content-Type" content="text/html;charset=utf-8" />
  <meta name='ocr-system' content='tesseract 3.04.00' />
  <meta name='ocr-capabilities' content='ocr_page ocr_carea ocr_par ocr_line ocrx_word'/>
</head>
<body>
  <div class='ocr_page' id='page_1' title='image "./observationescr00bloegoog_0028.png"; bbox 0 0 4234 6059; ppageno 0'>
   <div class='ocr_carea' id='block_1_1' title="bbox 1118 680 1139 744">
    <p class='ocr_par' dir='ltr' id='par_1_1' title="bbox 1118 680 1139 744">
     <span class='ocr_line' id='line_1_1' title="bbox 1118 680 1139 744; baseline 0 0"><span class='ocrx_word' id='word_1_1' title='bbox 1118 680 1139 744; x_wconf 85' lang='lat'><em>8</em></span> 
     </span>
    </p>
   </div>
   <div class='ocr_carea' id='block_1_2' title="bbox 489 898 1803 3564">
    <p class='ocr_par' dir='ltr' id='par_1_2' title="bbox 489 898 1796 1119">
     <span class='ocr_line' id='line_1_2' title="bbox 534 898 1796 986; baseline -0.002 -17"><span class='ocrx_word' id='word_1_2' title='bbox 534 903 639 968; x_wconf 80' lang='lat' dir='ltr'><strong>Sehoi.</strong></span> <span class='ocrx_word' id='word_1_3' title='bbox 663 900 707 968; x_wconf 84' lang='lat' dir='ltr'><strong>ad</strong></span> <span class='ocrx_word' id='word_1_4' title='bbox 727 919 771 968; x_wconf 81' lang='grc' dir='ltr'><strong>νο.</strong></span> <span class='ocrx_word' id='word_1_5' title='bbox 796 903 840 965; x_wconf 87' lang='grc'><strong>86</strong></span> <span class='ocrx_word' id='word_1_6' title='bbox 862 899 985 984; x_wconf 88' lang='lat' dir='ltr'><strong>(Diibn.</strong></span> <span class='ocrx_word' id='word_1_7' title='bbox 1009 899 1053 966; x_wconf 89' lang='lat' dir='ltr'><strong>ib.</strong></span> <span class='ocrx_word' id='word_1_8' title='bbox 1079 898 1137 986; x_wconf 82' lang='lat'><strong>48)</strong></span> <span class='ocrx_word' id='word_1_9' title='bbox 1162 899 1334 975; x_wconf 74' lang='grc' dir='ltr'><em>Ξενοκλθνςτ</em></span> <span class='ocrx_word' id='word_1_10' title='bbox 1351 951 1357 968; x_wconf 92' lang='grc'><strong>.</strong></span> <span class='ocrx_word' id='word_1_11' title='bbox 1373 949 1402 967; x_wconf 91' lang='grc'><strong>..</strong></span> <span class='ocrx_word' id='word_1_12' title='bbox 1429 901 1522 980; x_wconf 75' lang='grc' dir='ltr'><em>τρίτος</em></span> <span class='ocrx_word' id='word_1_13' title='bbox 1538 901 1568 967; x_wconf 76' lang='grc' dir='ltr'><strong>δέ</strong></span> <span class='ocrx_word' id='word_1_14' title='bbox 1585 902 1647 966; x_wconf 82' lang='grc' dir='ltr'><em>ἕστο</em></span> <span class='ocrx_word' id='word_1_15' title='bbox 1663 900 1796 975; x_wconf 76' lang='grc' dir='ltr'><strong>τούτοις</strong></span> 
     </span>
     <span class='ocr_line' id='line_1_3' title="bbox 489 1033 1655 1119; baseline 0 -15"><span class='ocrx_word' id='word_1_16' title='bbox 489 1039 654 1116; x_wconf 76' lang='grc' dir='ltr'><em>ὁμώνυμος,</em></span> <span class='ocrx_word' id='word_1_17' title='bbox 677 1035 843 1112; x_wconf 71' lang='grc' dir='ltr'><strong>πολιτικὸς,</strong></span> <span class='ocrx_word' id='word_1_18' title='bbox 866 1035 986 1119; x_wconf 73' lang='grc' dir='ltr'><em>φαύλου</em></span> <span class='ocrx_word' id='word_1_19' title='bbox 1006 1036 1061 1114; x_wconf 82' lang='grc' dir='ltr'><strong>μὲν</strong></span> <span class='ocrx_word' id='word_1_20' title='bbox 1081 1035 1208 1115; x_wconf 73' lang='grc' dir='ltr'><strong>πατρὸς,</strong></span> <span class='ocrx_word' id='word_1_21' title='bbox 1230 1041 1285 1100; x_wconf 78' lang='grc' dir='ltr'><strong>τῶν</strong></span> <span class='ocrx_word' id='word_1_22' title='bbox 1304 1035 1333 1100; x_wconf 75' lang='grc' dir='ltr'><strong>δὲ</strong></span> <span class='ocrx_word' id='word_1_23' title='bbox 1354 1033 1452 1114; x_wconf 74' lang='grc' dir='ltr'><em>δήμων</em></span> <span class='ocrx_word' id='word_1_24' title='bbox 1476 1033 1655 1117; x_wconf 68' lang='grc' dir='ltr'><em>Χολαργεύς.</em></span> 
     </span>
    </p>

    <p class='ocr_par' dir='ltr' id='par_1_3' title="bbox 490 1169 1795 1667">
     <span class='ocr_line' id='line_1_4' title="bbox 533 1169 1794 1260; baseline -0.002 -21"><span class='ocrx_word' id='word_1_25' title='bbox 533 1173 643 1239; x_wconf 80' lang='lat' dir='ltr'><strong>Locus</strong></span> <span class='ocrx_word' id='word_1_26' title='bbox 684 1175 875 1260; x_wconf 80' lang='lat' dir='ltr'><strong>eormptus3</strong></span> <span class='ocrx_word' id='word_1_27' title='bbox 920 1174 1006 1237; x_wconf 87' lang='lat' dir='ltr'><strong>teste</strong></span> <span class='ocrx_word' id='word_1_28' title='bbox 1044 1169 1189 1237; x_wconf 87' lang='lat' dir='ltr'><strong>Zaehoro</strong></span> <span class='ocrx_word' id='word_1_29' title='bbox 1203 1169 1229 1256; x_wconf 90' lang='grc'><strong>1)</strong></span> <span class='ocrx_word' id='word_1_30' title='bbox 1263 1170 1399 1238; x_wconf 81' lang='lat' dir='ltr'><strong>Taetzes</strong></span> <span class='ocrx_word' id='word_1_31' title='bbox 1434 1170 1533 1258; x_wconf 85' lang='lat' dir='ltr'><strong>legit:</strong></span> <span class='ocrx_word' id='word_1_32' title='bbox 1570 1170 1794 1238; x_wconf 70' lang='lat' dir='ltr'><strong>teitaun:</strong></span> 
     </span>
     <span class='ocr_line' id='line_1_5' title="bbox 491 1305 1795 1377; baseline -0.002 -2"><span class='ocrx_word' id='word_1_33' title='bbox 491 1315 579 1377; x_wconf 86' lang='lat' dir='ltr'><strong>reato</strong></span> <span class='ocrx_word' id='word_1_34' title='bbox 605 1309 752 1375; x_wconf 76' lang='lat' dir='ltr'><strong>fortasse.</strong></span> <span class='ocrx_word' id='word_1_35' title='bbox 799 1307 851 1374; x_wconf 88' lang='lat' dir='ltr'><strong>Da</strong></span> <span class='ocrx_word' id='word_1_36' title='bbox 873 1307 936 1373; x_wconf 86' lang='lat' dir='ltr'><strong>hoo</strong></span> <span class='ocrx_word' id='word_1_37' title='bbox 960 1311 1072 1372; x_wconf 87' lang='lat' dir='ltr'><strong>tamen</strong></span> <span class='ocrx_word' id='word_1_38' title='bbox 1093 1306 1243 1373; x_wconf 90' lang='lat' dir='ltr'><strong>Xanoole</strong></span> <span class='ocrx_word' id='word_1_39' title='bbox 1267 1305 1391 1373; x_wconf 89' lang='lat' dir='ltr'><strong>nullam</strong></span> <span class='ocrx_word' id='word_1_40' title='bbox 1416 1305 1550 1373; x_wconf 90' lang='lat' dir='ltr'><strong>omnino</strong></span> <span class='ocrx_word' id='word_1_41' title='bbox 1572 1307 1795 1375; x_wconf 90' lang='lat' dir='ltr'><strong>mentionem</strong></span> 
     </span>
     <span class='ocr_line' id='line_1_6' title="bbox 490 1440 1793 1529; baseline -0.002 -20"><span class='ocrx_word' id='word_1_42' title='bbox 490 1445 610 1511; x_wconf 79' lang='lat' dir='ltr'><strong>saetam</strong></span> <span class='ocrx_word' id='word_1_43' title='bbox 643 1443 765 1511; x_wconf 85' lang='lat' dir='ltr'><strong>inveni.</strong></span> <span class='ocrx_word' id='word_1_44' title='bbox 797 1479 841 1493; x_wconf 89' lang='lat'>-</span> <span class='ocrx_word' id='word_1_45' title='bbox 872 1441 1052 1509; x_wconf 83' lang='lat' dir='ltr'><strong>Praeterea</strong></span> <span class='ocrx_word' id='word_1_46' title='bbox 1087 1440 1212 1529; x_wconf 81' lang='lat' dir='ltr'><strong>corrige</strong></span> <span class='ocrx_word' id='word_1_47' title='bbox 1248 1463 1290 1509; x_wconf 85' lang='lat' dir='ltr'><strong>ex</strong></span> <span class='ocrx_word' id='word_1_48' title='bbox 1324 1441 1429 1508; x_wconf 83' lang='lat' dir='ltr'><strong>Van:</strong></span> <span class='ocrx_word' id='word_1_49' title='bbox 1468 1443 1532 1507; x_wconf 81' lang='grc' dir='ltr'><strong>τὸν</strong></span> <span class='ocrx_word' id='word_1_50' title='bbox 1565 1441 1602 1508; x_wconf 74' lang='lat' dir='ltr'><strong>ii</strong></span> <span class='ocrx_word' id='word_1_51' title='bbox 1637 1443 1793 1529; x_wconf 76' lang='grc' dir='ltr'><em>δῆμον,</em></span> 
     </span>
     <span class='ocr_line' id='line_1_7' title="bbox 490 1576 1214 1667; baseline -0.001 -21"><span class='ocrx_word' id='word_1_52' title='bbox 490 1580 578 1667; x_wconf 87' lang='lat' dir='ltr'><strong>quod</strong></span> <span class='ocrx_word' id='word_1_53' title='bbox 601 1580 705 1647; x_wconf 84' lang='lat' dir='ltr'><strong>Ruth.</strong></span> <span class='ocrx_word' id='word_1_54' title='bbox 729 1578 771 1646; x_wconf 90' lang='lat' dir='ltr'><strong>ad</strong></span> <span class='ocrx_word' id='word_1_55' title='bbox 795 1600 840 1646; x_wconf 85' lang='lat' dir='ltr'><strong>vs.</strong></span> <span class='ocrx_word' id='word_1_56' title='bbox 866 1579 931 1645; x_wconf 87' lang='grc'><strong>886</strong></span> <span class='ocrx_word' id='word_1_57' title='bbox 956 1576 1055 1644; x_wconf 89' lang='lat' dir='ltr'><strong>stiam</strong></span> <span class='ocrx_word' id='word_1_58' title='bbox 1078 1577 1214 1666; x_wconf 78' lang='lat' dir='ltr'><strong>recepit.</strong></span> 
     </span>
    </p>

    <p class='ocr_par' dir='ltr' id='par_1_4' title="bbox 491 1709 1789 2064">
     <span class='ocr_line' id='line_1_8' title="bbox 536 1709 1789 1803; baseline -0.004 -20"><span class='ocrx_word' id='word_1_59' title='bbox 536 1715 641 1784; x_wconf 76' lang='lat' dir='ltr'><strong>Sahal.</strong></span> <span class='ocrx_word' id='word_1_60' title='bbox 673 1715 716 1780; x_wconf 78' lang='lat' dir='ltr'><strong>ad</strong></span> <span class='ocrx_word' id='word_1_61' title='bbox 737 1735 782 1783; x_wconf 82' lang='grc' dir='ltr'><strong>οο.</strong></span> <span class='ocrx_word' id='word_1_62' title='bbox 806 1716 861 1781; x_wconf 83' lang='grc'><strong>87.</strong></span> <span class='ocrx_word' id='word_1_63' title='bbox 888 1712 947 1802; x_wconf 82' lang='lat' dir='ltr'><strong>(ib.</strong></span> <span class='ocrx_word' id='word_1_64' title='bbox 973 1711 1032 1803; x_wconf 84' lang='lat'><strong>51)</strong></span> <span class='ocrx_word' id='word_1_65' title='bbox 1056 1714 1252 1792; x_wconf 68' lang='grc' dir='ltr'><strong>Πυθάγγελος</strong></span> <span class='ocrx_word' id='word_1_66' title='bbox 1276 1713 1323 1779; x_wconf 74' lang='lat' dir='ltr'><strong>at:</strong></span> <span class='ocrx_word' id='word_1_67' title='bbox 1344 1715 1362 1780; x_wconf 87' lang='grc' dir='ltr'><strong>,θ</strong></span> <span class='ocrx_word' id='word_1_68' title='bbox 1387 1709 1509 1786; x_wconf 59' lang='lat' dir='ltr'><strong>aaronis</strong></span> <span class='ocrx_word' id='word_1_69' title='bbox 1532 1713 1562 1779; x_wconf 71' lang='lat' dir='ltr'><strong>it</strong></span> <span class='ocrx_word' id='word_1_70' title='bbox 1585 1714 1789 1792; x_wconf 75' lang='grc' dir='ltr'><em>ὑπομνησθεὶς</em></span> 
     </span>
     <span class='ocr_line' id='line_1_9' title="bbox 491 1847 1786 1932; baseline -0.005 -14"><span class='ocrx_word' id='word_1_71' title='bbox 491 1861 543 1927; x_wconf 77' lang='grc' dir='ltr'><strong>τῆς</strong></span> <span class='ocrx_word' id='word_1_72' title='bbox 579 1850 775 1928; x_wconf 57' lang='lat' dir='ltr'><strong>notamina</strong></span> <span class='ocrx_word' id='word_1_73' title='bbox 808 1856 907 1932; x_wconf 74' lang='grc' dir='ltr'><em>φωνῆς</em></span> <span class='ocrx_word' id='word_1_74' title='bbox 941 1848 1032 1931; x_wconf 72' lang='lat' dir='ltr'><strong>&lt;ineis</strong></span> <span class='ocrx_word' id='word_1_75' title='bbox 1067 1847 1110 1914; x_wconf 76' lang='grc' dir='ltr'><strong>ὅτε</strong></span> <span class='ocrx_word' id='word_1_76' title='bbox 1147 1851 1178 1917; x_wconf 80' lang='grc' dir='ltr'><strong>οὐ</strong></span> <span class='ocrx_word' id='word_1_77' title='bbox 1214 1847 1381 1932; x_wconf 77' lang='grc' dir='ltr'><em>Φροντθζετθ</em></span> <span class='ocrx_word' id='word_1_78' title='bbox 1410 1874 1467 1928; x_wconf 81' lang='grc' dir='ltr'><strong>μου</strong></span> <span class='ocrx_word' id='word_1_79' title='bbox 1497 1849 1695 1928; x_wconf 62' lang='lat' dir='ltr'><strong>notamen</strong></span> <span class='ocrx_word' id='word_1_80' title='bbox 1727 1849 1786 1914; x_wconf 78' lang='grc' dir='ltr'><em>κοοὶ</em></span> 
     </span>
     <span class='ocr_line' id='line_1_10' title="bbox 492 1984 850 2064; baseline 0 -12"><span class='ocrx_word' id='word_1_81' title='bbox 492 1990 593 2053; x_wconf 80' lang='grc' dir='ltr'><em>τοῦτον</em></span> <span class='ocrx_word' id='word_1_82' title='bbox 615 1984 850 2064; x_wconf 73' lang='grc' dir='ltr'><em>μνημονεύοντες.</em></span> 
     </span>
    </p>

    <p class='ocr_par' dir='ltr' id='par_1_5' title="bbox 490 2117 1803 3564">
     <span class='ocr_line' id='line_1_11' title="bbox 537 2117 1783 2205; baseline -0.002 -16"><span class='ocrx_word' id='word_1_83' title='bbox 537 2122 640 2189; x_wconf 84' lang='lat' dir='ltr'><strong>Ruth.</strong></span> <span class='ocrx_word' id='word_1_84' title='bbox 665 2120 785 2189; x_wconf 79' lang='lat' dir='ltr'><strong>edidit:</strong></span> <span class='ocrx_word' id='word_1_85' title='bbox 809 2121 823 2186; x_wconf 88' lang='grc' dir='ltr'><em>θ</em></span> <span class='ocrx_word' id='word_1_86' title='bbox 847 2121 969 2192; x_wconf 73' lang='grc' dir='ltr'><strong>Ξανθίοις</strong></span> <span class='ocrx_word' id='word_1_87' title='bbox 995 2118 1184 2196; x_wconf 70' lang='grc' dir='ltr'><em>ὑπομνησθεὶς</em></span> <span class='ocrx_word' id='word_1_88' title='bbox 1209 2127 1261 2195; x_wconf 72' lang='grc' dir='ltr'><strong>τῆς</strong></span> <span class='ocrx_word' id='word_1_89' title='bbox 1285 2117 1419 2198; x_wconf 72' lang='grc' dir='ltr'><em>ἄγγελος</em></span> <span class='ocrx_word' id='word_1_90' title='bbox 1441 2126 1539 2205; x_wconf 68' lang='lat' dir='ltr'><strong>&lt;pestis</strong></span> <span class='ocrx_word' id='word_1_91' title='bbox 1562 2119 1654 2202; x_wconf 75' lang='grc' dir='ltr'><em>φησὶν</em></span> <span class='ocrx_word' id='word_1_92' title='bbox 1677 2119 1722 2186; x_wconf 77' lang='grc' dir='ltr'><strong>ὅτι</strong></span> <span class='ocrx_word' id='word_1_93' title='bbox 1746 2123 1783 2186; x_wconf 81' lang='grc' dir='ltr'><strong>οὐ</strong></span> 
     </span>
     <span class='ocr_line' id='line_1_12' title="bbox 492 2252 1780 2344; baseline -0.001 -21"><span class='ocrx_word' id='word_1_94' title='bbox 492 2257 658 2341; x_wconf 52' lang='lat' dir='ltr'><strong>annuatim</strong></span> <span class='ocrx_word' id='word_1_95' title='bbox 681 2263 738 2332; x_wconf 71' lang='grc' dir='ltr'><strong>νοῦ</strong></span> <span class='ocrx_word' id='word_1_96' title='bbox 761 2257 897 2334; x_wconf 68' lang='grc' dir='ltr'><em>ἀγγέλου</em></span> <span class='ocrx_word' id='word_1_97' title='bbox 921 2254 969 2320; x_wconf 78' lang='lat' dir='ltr'><strong>sai</strong></span> <span class='ocrx_word' id='word_1_98' title='bbox 994 2259 1095 2320; x_wconf 75' lang='grc' dir='ltr'><em>τοῦτον</em></span> <span class='ocrx_word' id='word_1_99' title='bbox 1119 2252 1354 2332; x_wconf 78' lang='grc' dir='ltr'><em>μνημονεύοντες.</em></span> <span class='ocrx_word' id='word_1_100' title='bbox 1380 2254 1476 2322; x_wconf 85' lang='lat' dir='ltr'><strong>Hane</strong></span> <span class='ocrx_word' id='word_1_101' title='bbox 1500 2255 1649 2343; x_wconf 84' lang='lat' dir='ltr'><strong>quamvis</strong></span> <span class='ocrx_word' id='word_1_102' title='bbox 1673 2257 1780 2344; x_wconf 87' lang='lat' dir='ltr'><strong>speei-</strong></span> 
     </span>
     <span class='ocr_line' id='line_1_13' title="bbox 490 2389 1777 2480; baseline -0.001 -22"><span class='ocrx_word' id='word_1_103' title='bbox 490 2412 580 2458; x_wconf 89' lang='lat' dir='ltr'><strong>osam</strong></span> <span class='ocrx_word' id='word_1_104' title='bbox 623 2392 858 2458; x_wconf 77' lang='lat' dir='ltr'>correctionem</span> <span class='ocrx_word' id='word_1_105' title='bbox 900 2389 1039 2478; x_wconf 88' lang='lat' dir='ltr'><strong>probare</strong></span> <span class='ocrx_word' id='word_1_106' title='bbox 1083 2410 1149 2455; x_wconf 93' lang='lat' dir='ltr'><strong>non</strong></span> <span class='ocrx_word' id='word_1_107' title='bbox 1184 2411 1327 2478; x_wconf 89' lang='lat' dir='ltr'><strong>possum.</strong></span> <span class='ocrx_word' id='word_1_108' title='bbox 1375 2390 1438 2467; x_wconf 86' lang='lat' dir='ltr'><strong>Qui</strong></span> <span class='ocrx_word' id='word_1_109' title='bbox 1475 2391 1562 2480; x_wconf 84' lang='lat' dir='ltr'><strong>anim</strong></span> <span class='ocrx_word' id='word_1_110' title='bbox 1598 2391 1777 2458; x_wconf 79' lang='lat' dir='ltr'><strong>scholiasta</strong></span> 
     </span>
     <span class='ocr_line' id='line_1_14' title="bbox 490 2525 1803 2614; baseline 0 -21"><span class='ocrx_word' id='word_1_111' title='bbox 490 2527 671 2593; x_wconf 81' lang='lat' dir='ltr'><strong>Xanthiam</strong></span> <span class='ocrx_word' id='word_1_112' title='bbox 715 2529 862 2592; x_wconf 79' lang='lat' dir='ltr'><strong>nuntium</strong></span> <span class='ocrx_word' id='word_1_113' title='bbox 907 2526 1076 2592; x_wconf 88' lang='lat' dir='ltr'><strong>nominare</strong></span> <span class='ocrx_word' id='word_1_114' title='bbox 1121 2525 1246 2614; x_wconf 86' lang='lat' dir='ltr'><strong>potuit,</strong></span> <span class='ocrx_word' id='word_1_115' title='bbox 1293 2527 1350 2613; x_wconf 89' lang='lat' dir='ltr'><strong>qui</strong></span> <span class='ocrx_word' id='word_1_116' title='bbox 1392 2532 1501 2614; x_wconf 85' lang='lat' dir='ltr'><strong>partos</strong></span> <span class='ocrx_word' id='word_1_117' title='bbox 1540 2531 1669 2593; x_wconf 89' lang='lat' dir='ltr'><strong>tantum</strong></span> <span class='ocrx_word' id='word_1_118' title='bbox 1708 2529 1803 2614; x_wconf 83' lang='lat' dir='ltr'><strong>agit-</strong></span> 
     </span>
     <span class='ocr_line' id='line_1_15' title="bbox 493 2661 1780 2749; baseline 0.002 -22"><span class='ocrx_word' id='word_1_119' title='bbox 493 2664 595 2748; x_wconf 86' lang='lat' dir='ltr'><strong>servi‚</strong></span> <span class='ocrx_word' id='word_1_120' title='bbox 630 2663 701 2729; x_wconf 87' lang='lat' dir='ltr'><strong>heri</strong></span> <span class='ocrx_word' id='word_1_121' title='bbox 737 2662 879 2747; x_wconf 80' lang='lat' dir='ltr'><strong>comitis,</strong></span> <span class='ocrx_word' id='word_1_122' title='bbox 915 2682 1076 2749; x_wconf 86' lang='lat' dir='ltr'><strong>nusquam</strong></span> <span class='ocrx_word' id='word_1_123' title='bbox 1110 2668 1221 2729; x_wconf 89' lang='lat' dir='ltr'><strong>autem</strong></span> <span class='ocrx_word' id='word_1_124' title='bbox 1254 2663 1407 2730; x_wconf 87' lang='lat' dir='ltr'><strong>nuntium</strong></span> <span class='ocrx_word' id='word_1_125' title='bbox 1430 2661 1572 2749; x_wconf 87' lang='lat' dir='ltr'><strong>aliquem</strong></span> <span class='ocrx_word' id='word_1_126' title='bbox 1601 2662 1697 2729; x_wconf 88' lang='lat' dir='ltr'><strong>affert</strong></span> <span class='ocrx_word' id='word_1_127' title='bbox 1719 2671 1780 2730; x_wconf 88' lang='lat' dir='ltr'><strong>ant</strong></span> 
     </span>
     <span class='ocr_line' id='line_1_16' title="bbox 492 2797 1779 2886; baseline 0.001 -22"><span class='ocrx_word' id='word_1_128' title='bbox 492 2799 661 2886; x_wconf 85' lang='lat' dir='ltr'><strong>legatione</strong></span> <span class='ocrx_word' id='word_1_129' title='bbox 696 2797 866 2886; x_wconf 76' lang='lat' dir='ltr'><strong>fungitur?</strong></span> <span class='ocrx_word' id='word_1_130' title='bbox 912 2797 1090 2864; x_wconf 84' lang='lat' dir='ltr'><strong>Praeterea</strong></span> <span class='ocrx_word' id='word_1_131' title='bbox 1121 2798 1222 2864; x_wconf 86' lang='lat' dir='ltr'><strong>verba</strong></span> <span class='ocrx_word' id='word_1_132' title='bbox 1252 2798 1301 2862; x_wconf 76' lang='lat' dir='ltr'><strong>sai</strong></span> <span class='ocrx_word' id='word_1_133' title='bbox 1334 2804 1434 2864; x_wconf 73' lang='grc' dir='ltr'><em>τοῦτο</em></span> <span class='ocrx_word' id='word_1_134' title='bbox 1466 2799 1545 2864; x_wconf 87' lang='lat' dir='ltr'><strong>satis</strong></span> <span class='ocrx_word' id='word_1_135' title='bbox 1571 2798 1779 2865; x_wconf 81' lang='lat' dir='ltr'><strong>incommode</strong></span> 
     </span>
     <span class='ocr_line' id='line_1_17' title="bbox 492 2933 1780 3020; baseline 0 -20"><span class='ocrx_word' id='word_1_136' title='bbox 492 2935 601 3000; x_wconf 89' lang='lat' dir='ltr'><strong>looata</strong></span> <span class='ocrx_word' id='word_1_137' title='bbox 634 2940 721 3002; x_wconf 89' lang='lat' dir='ltr'><strong>sunt.</strong></span> <span class='ocrx_word' id='word_1_138' title='bbox 764 2933 890 3000; x_wconf 88' lang='lat' dir='ltr'><strong>Partim</strong></span> <span class='ocrx_word' id='word_1_139' title='bbox 925 2955 998 2999; x_wconf 92' lang='lat' dir='ltr'><strong>oum</strong></span> <span class='ocrx_word' id='word_1_140' title='bbox 1034 2933 1137 3000; x_wconf 88' lang='lat' dir='ltr'><strong>Ruth.</strong></span> <span class='ocrx_word' id='word_1_141' title='bbox 1175 2933 1296 2999; x_wconf 80' lang='lat' dir='ltr'><strong>iaciens</strong></span> <span class='ocrx_word' id='word_1_142' title='bbox 1331 2933 1366 2999; x_wconf 93' lang='lat' dir='ltr'><strong>in</strong></span> <span class='ocrx_word' id='word_1_143' title='bbox 1400 2933 1466 3000; x_wconf 85' lang='lat' dir='ltr'><strong>fine</strong></span> <span class='ocrx_word' id='word_1_144' title='bbox 1503 2933 1682 3020; x_wconf 83' lang='lat' dir='ltr'><strong>legendum</strong></span> <span class='ocrx_word' id='word_1_145' title='bbox 1705 2955 1780 3000; x_wconf 90' lang='lat' dir='ltr'><strong>essa</strong></span> 
     </span>
     <span class='ocr_line' id='line_1_18' title="bbox 495 3068 1775 3158; baseline -0.001 -21"><span class='ocrx_word' id='word_1_146' title='bbox 495 3072 657 3158; x_wconf 86' lang='lat' dir='ltr'><strong>suspicor:</strong></span> <span class='ocrx_word' id='word_1_147' title='bbox 689 3069 731 3136; x_wconf 75' lang='grc' dir='ltr'><strong>θοι</strong></span> <span class='ocrx_word' id='word_1_148' title='bbox 762 3073 794 3135; x_wconf 84' lang='grc' dir='ltr'><strong>οὐ</strong></span> <span class='ocrx_word' id='word_1_149' title='bbox 823 3068 990 3150; x_wconf 79' lang='grc' dir='ltr'><em>Φροντθζετε</em></span> <span class='ocrx_word' id='word_1_150' title='bbox 1014 3075 1071 3146; x_wconf 74' lang='lat' dir='ltr'><strong>aei</strong></span> <span class='ocrx_word' id='word_1_151' title='bbox 1094 3068 1157 3135; x_wconf 79' lang='lat' dir='ltr'><strong>nai</strong></span> <span class='ocrx_word' id='word_1_152' title='bbox 1181 3074 1310 3134; x_wconf 72' lang='lat' dir='ltr'><strong>asina</strong></span> <span class='ocrx_word' id='word_1_153' title='bbox 1334 3068 1512 3146; x_wconf 76' lang='grc' dir='ltr'><em>οὶγγέλον</em></span> <span class='ocrx_word' id='word_1_154' title='bbox 1531 3068 1775 3146; x_wconf 64' lang='grc' dir='ltr'><strong>Ιμνημονεύοντες.</strong></span> 
     </span>
     <span class='ocr_line' id='line_1_19' title="bbox 495 3203 1780 3295; baseline -0.002 -22"><span class='ocrx_word' id='word_1_155' title='bbox 495 3209 715 3295; x_wconf 84' lang='lat' dir='ltr'><strong>Interpretor:</strong></span> <span class='ocrx_word' id='word_1_156' title='bbox 740 3205 924 3289; x_wconf 74' lang='lat' dir='ltr'><strong>Xanthioi,</strong></span> <span class='ocrx_word' id='word_1_157' title='bbox 948 3205 1000 3270; x_wconf 83' lang='lat' dir='ltr'><strong>oei</strong></span> <span class='ocrx_word' id='word_1_158' title='bbox 1020 3204 1165 3272; x_wconf 77' lang='lat' dir='ltr'><strong>vocabuli</strong></span> <span class='ocrx_word' id='word_1_159' title='bbox 1187 3203 1320 3282; x_wconf 75' lang='grc' dir='ltr'><em>ἄγγελος</em></span> <span class='ocrx_word' id='word_1_160' title='bbox 1344 3225 1440 3271; x_wconf 79' lang='lat' dir='ltr'><strong>senua</strong></span> <span class='ocrx_word' id='word_1_161' title='bbox 1459 3207 1492 3270; x_wconf 81' lang='lat' dir='ltr'><strong>ia</strong></span> <span class='ocrx_word' id='word_1_162' title='bbox 1509 3204 1642 3271; x_wconf 81' lang='lat' dir='ltr'><strong>auribus</strong></span> <span class='ocrx_word' id='word_1_163' title='bbox 1658 3205 1780 3292; x_wconf 76' lang='lat' dir='ltr'><strong>haeret,</strong></span> 
     </span>
     <span class='ocr_line' id='line_1_20' title="bbox 496 3340 1780 3427; baseline 0 -21"><span class='ocrx_word' id='word_1_164' title='bbox 496 3343 589 3408; x_wconf 83' lang='lat' dir='ltr'><strong>dicit:</strong></span> <span class='ocrx_word' id='word_1_165' title='bbox 622 3340 709 3406; x_wconf 78' lang='lat' dir='ltr'><em>Miiii</em></span> <span class='ocrx_word' id='word_1_166' title='bbox 731 3362 794 3406; x_wconf 82' lang='grc' dir='ltr'><em>οονο</em></span> <span class='ocrx_word' id='word_1_167' title='bbox 818 3340 982 3405; x_wconf 82' lang='lat' dir='ltr'><strong>consulitis</strong></span> <span class='ocrx_word' id='word_1_168' title='bbox 1005 3341 1101 3427; x_wconf 81' lang='lat' dir='ltr'><strong>idque</strong></span> <span class='ocrx_word' id='word_1_169' title='bbox 1125 3341 1172 3406; x_wconf 86' lang='lat' dir='ltr'><strong>eei</strong></span> <span class='ocrx_word' id='word_1_170' title='bbox 1194 3343 1380 3407; x_wconf 80' lang='lat' dir='ltr'><strong>nuntiorum</strong></span> <span class='ocrx_word' id='word_1_171' title='bbox 1404 3343 1588 3408; x_wconf 81' lang='lat' dir='ltr'><strong><em>mentionem</em></strong></span> <span class='ocrx_word' id='word_1_172' title='bbox 1610 3341 1780 3426; x_wconf 76' lang='lat' dir='ltr'><strong>facientes,</strong></span> 
     </span>
     <span class='ocr_line' id='line_1_21' title="bbox 496 3475 1779 3564; baseline 0.001 -23"><span class='ocrx_word' id='word_1_173' title='bbox 496 3478 518 3542; x_wconf 83' lang='lat' dir='ltr'><strong>i.</strong></span> <span class='ocrx_word' id='word_1_174' title='bbox 542 3497 567 3544; x_wconf 86' lang='lat' dir='ltr'><strong>e.</strong></span> <span class='ocrx_word' id='word_1_175' title='bbox 592 3477 742 3541; x_wconf 82' lang='lat' dir='ltr'><strong>nimirum</strong></span> <span class='ocrx_word' id='word_1_176' title='bbox 765 3497 813 3540; x_wconf 83' lang='lat' dir='ltr'><strong>ma</strong></span> <span class='ocrx_word' id='word_1_177' title='bbox 835 3476 928 3541; x_wconf 82' lang='lat' dir='ltr'><em>vilem</em></span> <span class='ocrx_word' id='word_1_178' title='bbox 950 3495 1076 3543; x_wconf 84' lang='lat' dir='ltr'><strong>servam</strong></span> <span class='ocrx_word' id='word_1_179' title='bbox 1098 3475 1278 3564; x_wconf 62' lang='lat' dir='ltr'><strong>aeniayiiis,</strong></span> <span class='ocrx_word' id='word_1_180' title='bbox 1304 3478 1428 3542; x_wconf 84' lang='lat' dir='ltr'><strong>tametsi</strong></span> <span class='ocrx_word' id='word_1_181' title='bbox 1446 3477 1484 3542; x_wconf 79' lang='lat' dir='ltr'><strong>cia</strong></span> <span class='ocrx_word' id='word_1_182' title='bbox 1499 3478 1590 3561; x_wconf 83' lang='lat' dir='ltr'><strong>aliia,</strong></span> <span class='ocrx_word' id='word_1_183' title='bbox 1615 3477 1671 3564; x_wconf 81' lang='lat' dir='ltr'><strong>qui</strong></span> <span class='ocrx_word' id='word_1_184' title='bbox 1693 3476 1779 3542; x_wconf 78' lang='lat' dir='ltr'><strong>nihii</strong></span> 
     </span>
    </p>
   </div>
   <div class='ocr_carea' id='block_1_3' title="bbox 497 3612 846 3698">
    <p class='ocr_par' dir='ltr' id='par_1_6' title="bbox 497 3612 846 3698">
     <span class='ocr_line' id='line_1_22' title="bbox 497 3612 846 3698; baseline 0 -21"><span class='ocrx_word' id='word_1_185' title='bbox 497 3612 540 3677; x_wconf 76' lang='lat' dir='ltr'><strong>aci</strong></span> <span class='ocrx_word' id='word_1_186' title='bbox 562 3617 646 3698; x_wconf 80' lang='lat' dir='ltr'><strong>reni,</strong></span> <span class='ocrx_word' id='word_1_187' title='bbox 673 3612 846 3698; x_wconf 80' lang='lat' dir='ltr'><em>loquimini.</em></span> 
     </span>
    </p>
   </div>
   <div class='ocr_carea' id='block_1_4' title="bbox 542 3725 1778 3836">
    <p class='ocr_par' dir='ltr' id='par_1_7' title="bbox 542 3725 1778 3836">
     <span class='ocr_line' id='line_1_23' title="bbox 542 3725 1778 3836; baseline -0.002 -21"><span class='ocrx_word' id='word_1_188' title='bbox 542 3746 658 3815; x_wconf 83' lang='lat' dir='ltr'><strong>Obiter</strong></span> <span class='ocrx_word' id='word_1_189' title='bbox 690 3725 872 3814; x_wconf 85' lang='lat' dir='ltr'><strong>notandum</strong></span> <span class='ocrx_word' id='word_1_190' title='bbox 907 3753 957 3814; x_wconf 90' lang='lat' dir='ltr'><strong>est</strong></span> <span class='ocrx_word' id='word_1_191' title='bbox 992 3747 1119 3814; x_wconf 77' lang='lat' dir='ltr'><strong>acutius</strong></span> <span class='ocrx_word' id='word_1_192' title='bbox 1154 3769 1251 3834; x_wconf 90' lang='lat' dir='ltr'><strong>quam</strong></span> <span class='ocrx_word' id='word_1_193' title='bbox 1286 3748 1393 3814; x_wconf 87' lang='lat' dir='ltr'><strong>verius</strong></span> <span class='ocrx_word' id='word_1_194' title='bbox 1429 3753 1560 3836; x_wconf 90' lang='lat' dir='ltr'><strong>poetam</strong></span> <span class='ocrx_word' id='word_1_195' title='bbox 1596 3746 1778 3834; x_wconf 80' lang='lat' dir='ltr'><strong>explicasse</strong></span> 
     </span>
    </p>
   </div>
   <div class='ocr_carea' id='block_1_5' title="bbox 498 3883 1781 4243">
    <p class='ocr_par' dir='ltr' id='par_1_8' title="bbox 498 3883 1781 4243">
     <span class='ocr_line' id='line_1_24' title="bbox 498 3883 1778 3972; baseline 0 -24"><span class='ocrx_word' id='word_1_196' title='bbox 498 3883 714 3951; x_wconf 82' lang='lat' dir='ltr'><strong>scholiastam.</strong></span> <span class='ocrx_word' id='word_1_197' title='bbox 761 3885 869 3950; x_wconf 82' lang='lat' dir='ltr'>Lusus</span> <span class='ocrx_word' id='word_1_198' title='bbox 893 3884 1066 3950; x_wconf 85' lang='lat' dir='ltr'><strong>verborum</strong></span> <span class='ocrx_word' id='word_1_199' title='bbox 1090 3904 1187 3972; x_wconf 89' lang='lat' dir='ltr'><strong>quem</strong></span> <span class='ocrx_word' id='word_1_200' title='bbox 1210 3884 1266 3951; x_wconf 89' lang='lat' dir='ltr'><strong>ilie</strong></span> <span class='ocrx_word' id='word_1_201' title='bbox 1289 3885 1323 3949; x_wconf 92' lang='lat' dir='ltr'><strong>in</strong></span> <span class='ocrx_word' id='word_1_202' title='bbox 1345 3884 1559 3951; x_wconf 82' lang='lat' dir='ltr'><strong>annotatione</strong></span> <span class='ocrx_word' id='word_1_203' title='bbox 1576 3883 1717 3969; x_wconf 90' lang='lat' dir='ltr'><strong>indieat,</strong></span> <span class='ocrx_word' id='word_1_204' title='bbox 1742 3884 1778 3948; x_wconf 92' lang='lat' dir='ltr'><strong>in</strong></span> 
     </span>
     <span class='ocr_line' id='line_1_25' title="bbox 498 4019 1781 4108; baseline -0.001 -23"><span class='ocrx_word' id='word_1_205' title='bbox 498 4024 616 4108; x_wconf 89' lang='lat' dir='ltr'><strong>poetae</strong></span> <span class='ocrx_word' id='word_1_206' title='bbox 639 4020 746 4086; x_wconf 86' lang='lat' dir='ltr'><strong>verbis</strong></span> <span class='ocrx_word' id='word_1_207' title='bbox 770 4042 858 4086; x_wconf 87' lang='lat' dir='ltr'><strong>nuno</strong></span> <span class='ocrx_word' id='word_1_208' title='bbox 881 4041 948 4086; x_wconf 93' lang='lat' dir='ltr'><strong>non</strong></span> <span class='ocrx_word' id='word_1_209' title='bbox 972 4021 1188 4107; x_wconf 65' lang='lat' dir='ltr'><strong>invenituri).</strong></span> <span class='ocrx_word' id='word_1_210' title='bbox 1238 4019 1332 4096; x_wconf 79' lang='lat' dir='ltr'><strong>Quod</strong></span> <span class='ocrx_word' id='word_1_211' title='bbox 1357 4021 1384 4084; x_wconf 89' lang='lat' dir='ltr'><strong>si</strong></span> <span class='ocrx_word' id='word_1_212' title='bbox 1408 4020 1575 4106; x_wconf 83' lang='lat' dir='ltr'><strong>voluisset,</strong></span> <span class='ocrx_word' id='word_1_213' title='bbox 1600 4019 1781 4106; x_wconf 80' lang='lat' dir='ltr'><strong>scripsisset</strong></span> 
     </span>
     <span class='ocr_line' id='line_1_26' title="bbox 499 4154 1781 4243; baseline -0.001 -24"><span class='ocrx_word' id='word_1_214' title='bbox 499 4154 662 4242; x_wconf 81' lang='lat' dir='ltr'><strong>proiecto:</strong></span> <span class='ocrx_word' id='word_1_215' title='bbox 699 4155 761 4236; x_wconf 74' lang='lat' dir='ltr'><strong>napi</strong></span> <span class='ocrx_word' id='word_1_216' title='bbox 797 4157 822 4220; x_wconf 77' lang='grc' dir='ltr'><strong>δ’</strong></span> <span class='ocrx_word' id='word_1_217' title='bbox 846 4156 980 4234; x_wconf 70' lang='grc' dir='ltr'><em>ν’γγέλου</em></span> <span class='ocrx_word' id='word_1_218' title='bbox 1015 4157 1104 4231; x_wconf 74' lang='grc' dir='ltr'><em>οὐδεὶς</em></span> <span class='ocrx_word' id='word_1_219' title='bbox 1130 4156 1240 4243; x_wconf 53' lang='lat' dir='ltr'><strong>toea,¹</strong></span> <span class='ocrx_word' id='word_1_220' title='bbox 1269 4157 1322 4222; x_wconf 87' lang='lat' dir='ltr'><strong>vel</strong></span> <span class='ocrx_word' id='word_1_221' title='bbox 1346 4156 1411 4222; x_wconf 91' lang='lat' dir='ltr'><strong>tale</strong></span> <span class='ocrx_word' id='word_1_222' title='bbox 1435 4154 1523 4242; x_wconf 88' lang='lat' dir='ltr'><strong>quid.</strong></span> <span class='ocrx_word' id='word_1_223' title='bbox 1572 4154 1781 4221; x_wconf 71' lang='lat' dir='ltr'><strong>sisinnium</strong></span> 
     </span>
    </p>
   </div>
   <div class='ocr_carea' id='block_1_6' title="bbox 500 4289 1782 4380">
    <p class='ocr_par' dir='ltr' id='par_1_9' title="bbox 500 4289 1782 4380">
     <span class='ocr_line' id='line_1_27' title="bbox 500 4289 1782 4380; baseline 0 -26"><span class='ocrx_word' id='word_1_224' title='bbox 500 4294 701 4377; x_wconf 79' lang='lat' dir='ltr'><strong>spectatores</strong></span> <span class='ocrx_word' id='word_1_225' title='bbox 719 4293 816 4378; x_wconf 86' lang='lat' dir='ltr'><strong>joous</strong></span> <span class='ocrx_word' id='word_1_226' title='bbox 840 4314 906 4359; x_wconf 91' lang='lat' dir='ltr'><strong>non</strong></span> <span class='ocrx_word' id='word_1_227' title='bbox 930 4292 1080 4380; x_wconf 84' lang='lat' dir='ltr'><strong>fugisset.</strong></span> <span class='ocrx_word' id='word_1_228' title='bbox 1116 4293 1181 4360; x_wconf 80' lang='lat' dir='ltr'><strong>Sed</strong></span> <span class='ocrx_word' id='word_1_229' title='bbox 1198 4292 1280 4358; x_wconf 92' lang='lat' dir='ltr'><strong>nihil</strong></span> <span class='ocrx_word' id='word_1_230' title='bbox 1296 4291 1384 4358; x_wconf 89' lang='lat' dir='ltr'><strong>aliud</strong></span> <span class='ocrx_word' id='word_1_231' title='bbox 1400 4297 1500 4380; x_wconf 88' lang='lat' dir='ltr'><strong>poeta</strong></span> <span class='ocrx_word' id='word_1_232' title='bbox 1516 4291 1621 4358; x_wconf 87' lang='lat' dir='ltr'><strong>voluit</strong></span> <span class='ocrx_word' id='word_1_233' title='bbox 1637 4289 1719 4375; x_wconf 86' lang='lat' dir='ltr'><strong>nisi,</strong></span> <span class='ocrx_word' id='word_1_234' title='bbox 1743 4295 1782 4355; x_wconf 91' lang='lat' dir='ltr'><strong>ut</strong></span> 
     </span>
    </p>
   </div>
   <div class='ocr_carea' id='block_1_7' title="bbox 501 4709 1782 5063">
    <p class='ocr_par' dir='ltr' id='par_1_10' title="bbox 534 4709 751 4775">
     <span class='ocr_line' id='line_1_28' title="bbox 534 4709 751 4775; baseline 0.005 -14"><span class='ocrx_word' id='word_1_235' title='bbox 534 4711 548 4761; x_wconf 85' lang='lat'><strong>1</strong></span> <span class='ocrx_word' id='word_1_236' title='bbox 580 4712 597 4764; x_wconf 86' lang='lat' dir='ltr'><strong>l.</strong></span> <span class='ocrx_word' id='word_1_237' title='bbox 615 4711 632 4762; x_wconf 92' lang='lat' dir='ltr'><strong>l.</strong></span> <span class='ocrx_word' id='word_1_238' title='bbox 650 4724 674 4775; x_wconf 88' lang='lat' dir='ltr'><strong>p.</strong></span> <span class='ocrx_word' id='word_1_239' title='bbox 695 4709 751 4762; x_wconf 85' lang='lat'><strong>708.</strong></span> 
     </span>
    </p>

    <p class='ocr_par' dir='ltr' id='par_1_11' title="bbox 501 4712 1782 5063">
     <span class='ocr_line' id='line_1_29' title="bbox 533 4712 1780 4871; baseline -0.001 -16"><span class='ocrx_word' id='word_1_240' title='bbox 533 4712 562 4871; x_wconf 55' lang='lat'><strong>2}</strong></span> <span class='ocrx_word' id='word_1_241' title='bbox 584 4805 710 4856; x_wconf 83' lang='lat' dir='ltr'><strong>Fidemna</strong></span> <span class='ocrx_word' id='word_1_242' title='bbox 732 4804 781 4856; x_wconf 90' lang='lat' dir='ltr'><strong>hoc</strong></span> <span class='ocrx_word' id='word_1_243' title='bbox 803 4804 935 4856; x_wconf 88' lang='lat' dir='ltr'><strong>scholium</strong></span> <span class='ocrx_word' id='word_1_244' title='bbox 957 4806 1020 4858; x_wconf 83' lang='lat' dir='ltr'><strong>iacit</strong></span> <span class='ocrx_word' id='word_1_245' title='bbox 1043 4805 1187 4871; x_wconf 84' lang='lat' dir='ltr'><strong>Meinekio,</strong></span> <span class='ocrx_word' id='word_1_246' title='bbox 1213 4821 1293 4871; x_wconf 89' lang='lat' dir='ltr'><strong>quem</strong></span> <span class='ocrx_word' id='word_1_247' title='bbox 1316 4805 1437 4871; x_wconf 83' lang='lat' dir='ltr'><strong>sequitur</strong></span> <span class='ocrx_word' id='word_1_248' title='bbox 1462 4803 1547 4870; x_wconf 80' lang='lat' dir='ltr'><strong>Koals,</strong></span> <span class='ocrx_word' id='word_1_249' title='bbox 1566 4808 1629 4856; x_wconf 88' lang='lat' dir='ltr'><strong>ante</strong></span> <span class='ocrx_word' id='word_1_250' title='bbox 1646 4803 1780 4855; x_wconf 83' lang='lat' dir='ltr'><strong>Xanthiaa</strong></span> 
     </span>
     <span class='ocr_line' id='line_1_30' title="bbox 501 4897 1782 4967; baseline 0.001 -17"><span class='ocrx_word' id='word_1_251' title='bbox 501 4899 580 4951; x_wconf 74' lang='lat' dir='ltr'><strong>verba</strong></span> <span class='ocrx_word' id='word_1_252' title='bbox 596 4899 721 4952; x_wconf 85' lang='lat' dir='ltr'><strong>lacunam</strong></span> <span class='ocrx_word' id='word_1_253' title='bbox 738 4899 868 4951; x_wconf 82' lang='lat' dir='ltr'><strong>statuenti</strong></span> <span class='ocrx_word' id='word_1_254' title='bbox 886 4899 923 4951; x_wconf 87' lang='lat' dir='ltr'><strong>ita</strong></span> <span class='ocrx_word' id='word_1_255' title='bbox 941 4904 971 4951; x_wconf 83' lang='lat' dir='ltr'><strong>ut</strong></span> <span class='ocrx_word' id='word_1_256' title='bbox 988 4900 1108 4967; x_wconf 72' lang='lat' dir='ltr'><strong>Dionysi,</strong></span> <span class='ocrx_word' id='word_1_257' title='bbox 1128 4901 1226 4952; x_wconf 85' lang='lat' dir='ltr'><strong>iterum</strong></span> <span class='ocrx_word' id='word_1_258' title='bbox 1237 4900 1365 4965; x_wconf 82' lang='lat' dir='ltr'><strong>jocantis,</strong></span> <span class='ocrx_word' id='word_1_259' title='bbox 1384 4899 1464 4950; x_wconf 87' lang='lat' dir='ltr'><strong>verba</strong></span> <span class='ocrx_word' id='word_1_260' title='bbox 1476 4900 1605 4964; x_wconf 85' lang='lat' dir='ltr'><strong>quasdam</strong></span> <span class='ocrx_word' id='word_1_261' title='bbox 1617 4897 1782 4951; x_wconf 74' lang='lat' dir='ltr'><strong>exciderint?</strong></span> 
     </span>
     <span class='ocr_line' id='line_1_31' title="bbox 501 4995 1348 5063; baseline 0.002 -19"><span class='ocrx_word' id='word_1_262' title='bbox 501 4995 655 5060; x_wconf 81' lang='lat' dir='ltr'><strong>Dionysium</strong></span> <span class='ocrx_word' id='word_1_263' title='bbox 672 4999 748 5063; x_wconf 80' lang='lat' dir='ltr'><strong>gestu</strong></span> <span class='ocrx_word' id='word_1_264' title='bbox 766 4999 872 5046; x_wconf 84' lang='lat' dir='ltr'><strong>tantum</strong></span> <span class='ocrx_word' id='word_1_265' title='bbox 890 4996 1055 5060; x_wconf 87' lang='lat' dir='ltr'><strong>respondisse</strong></span> <span class='ocrx_word' id='word_1_266' title='bbox 1074 5011 1097 5047; x_wconf 90' lang='lat' dir='ltr'><strong>v.</strong></span> <span class='ocrx_word' id='word_1_267' title='bbox 1115 4995 1245 5047; x_wconf 87' lang='lat' dir='ltr'><strong>Laeuwan</strong></span> <span class='ocrx_word' id='word_1_268' title='bbox 1263 4998 1348 5062; x_wconf 82' lang='lat' dir='ltr'><strong>putot.</strong></span> 
     </span>
    </p>
   </div>
   <div class='ocr_carea' id='block_1_8' title="bbox 0 0 2132 6052">
    <p class='ocr_par' dir='ltr' id='par_1_12' title="bbox 0 0 2132 6052">
     <span class='ocr_line' id='line_1_32' title="bbox 0 0 2132 6052; baseline 0 0"><span class='ocrx_word' id='word_1_269' title='bbox 0 0 2132 6052; x_wconf 95' lang='lat' dir='ltr'><strong> </strong></span> 
     </span>
    </p>
   </div>
  </div>
 </body>
</html>
