4234 6059
1124 718 1166 787 50

547 949 670 1017 Ultima
692 947 734 1013 ab
757 946 820 1011 hoe
842 945 915 1011 loeo
938 944 1152 1029 alienamus,
1177 963 1251 1009 eum
1269 948 1366 1032 poeta
1381 944 1416 1008 in
1437 944 1682 1031 comparatione
1701 943 1796 1046 nihil

499 1083 589 1151 aliod
620 1084 683 1148 nisi
716 1102 866 1148 nummos
891 1085 1034 1169 spectet,
1071 1084 1197 1146 eertum
1220 1078 1339 1147 habeo.
1384 1080 1417 1145 A
1441 1101 1487 1146 vs.
1515 1082 1579 1145 730
1602 1080 1667 1145 hue
1692 1080 1799 1146 aber·

499 1239 588 1285 resse
622 1218 778 1305 suspicor.
802 1254 847 1266 -
870 1214 996 1282 Eadem
1029 1216 1098 1281 lere
1132 1235 1237 1301 aeque
1270 1215 1383 1303 inepte
1406 1214 1439 1279 in
1465 1214 1535 1281 ood.
1558 1216 1646 1282 Ven.
1670 1214 1711 1280 ad
1737 1236 1795 1280 vs.

501 1356 566 1419 726
600 1353 772 1440 legunturt
807 1352 844 1422 ὦς
879 1350 927 1415 ἒπί
963 1350 1143 1429 νομίσματος
1178 1350 1207 1415 δὲ
1231 1353 1270 1431 τῷ
1295 1350 1445 1427 κύμματο,
1482 1349 1588 1436 quod,
1620 1351 1655 1415 ni
1679 1349 1795 1432 fallor,

504 1510 611 1555 meam
634 1486 833 1554 sententiam
857 1484 976 1550 firmat.

545 1623 651 1690 Sobel.
687 1622 768 1687 Boo.
803 1619 847 1686 ad
881 1641 925 1687 os.
962 1622 1038 1686 730.
1075 1626 1304 1699 προνσελοῦμενε
1342 1621 1408 1685 οἰντί
1443 1627 1494 1686 τοῦ
1518 1620 1793 1704 προτκλακίζομεν,

503 1759 674 1841 ἐλαύνομεν,
698 1755 910 1833 εἰσβάλλομεν.

545 1892 724 1979 Perpetem
747 1890 948 1967 εἰοβὲλλομεν
972 1890 1115 1955 servavit
1138 1888 1242 1957 Ruth.
1267 1895 1415 1956 vertens:
1445 1912 1489 1955 we
1505 1891 1624 1957 attach.
1649 1890 1696 1956 At
1712 1912 1793 1979 pro-

499 2028 584 2096 ferat
606 2027 697 2111 mihi,
720 2046 852 2113 quaeso,
876 2024 1029 2113 exempla
1048 2024 1106 2090 ubi
1122 2024 1336 2112 aggrediendi
1352 2026 1487 2091 notione
1504 2025 1565 2091 hoe
1582 2026 1719 2092 verbum
1739 2026 1783 2092 de

500 2163 649 2252 personis
672 2167 823 2250 ponatur.
871 2161 1023 2226 Praestat
1046 2159 1135 2246 quod
1159 2159 1296 2227 exhibet
1319 2159 1390 2227 eod.
1407 2162 1513 2229 Van:
1539 2161 1730 2238 ἐκβάλλομεν
1748 2162 1788 2246 ¹).

547 2298 644 2375 Quod
679 2297 721 2362 ad
757 2317 828 2363 voe.
863 2297 1011 2382 πυρρίαος,
1047 2317 1095 2362 vs.
1122 2298 1204 2381 730,
1228 2296 1553 2384 interpretationem,
1577 2297 1787 2363 notissimum

502 2433 645 2519 aliquem
669 2434 775 2498 virum
799 2453 886 2499 nune
911 2430 1088 2517 significari
1112 2453 1143 2497 υ.
1168 2431 1334 2497 Leeuwen
1353 2431 1531 2499 existimat.
1557 2433 1667 2519 Digna
1684 2434 1786 2499 otiam

502 2588 587 2654 quae
611 2567 654 2632 ab
678 2567 844 2633 oblivione
868 2565 1052 2632 vindicetur
1076 2565 1195 2631 haeooe
1216 2566 1401 2632 observatio
1418 2568 1497 2632 mihi
1514 2566 1644 2633 videtur
1660 2568 1788 2635 Rader-

503 2703 648 2769 maoheri
663 2704 711 2793 2):
736 2703 854 2782 πυρρίας
880 2702 978 2767 heisat
1001 2702 1058 2767 der
1081 2701 1232 2788 Rotkopf
1250 2702 1318 2766 aad
1339 2701 1459 2767 Lautan
1483 2703 1541 2769 mit
1563 2710 1662 2768 rotem
1689 2704 1788 2769 Haor

502 2837 637 2904 schreibt
670 2838 730 2902 dos
771 2837 853 2903 Vollc
886 2836 966 2902 οοοοίο
995 2836 1182 2923 ἰιοαοααοαρο
1204 2836 1367 2903 desendere
1389 2837 1572 2923 Pfisfiqlcait
1594 2859 1645 2904 zu.
1692 2839 1788 2905 Inter

505 2974 570 3039 alia
593 2972 783 3039 testimonia
805 2972 899 3037 affert
922 2971 1018 3037 Mart.
1042 2970 1137 3060 Epig.
1162 2972 1240 3038 XII.
1266 2975 1326 3041 54:

648 3109 746 3175 Crine
770 3108 879 3192 ruber,
902 3107 996 3193 niger
1019 3127 1100 3191 ore„
1118 3107 1227 3173 brevis
1250 3106 1355 3194 pede,
1379 3106 1503 3173 lumino
1526 3108 1653 3191 laesus,

651 3245 737 3309 Rem
761 3264 912 3331 magnam
936 3248 1102 3331 praestas,
1127 3243 1235 3327 Zoilo,
1260 3244 1287 3307 si
1312 3242 1417 3309 bonus
1441 3265 1485 3310 es.

547 3377 651 3445 Sobel.
686 3380 729 3442 ad
762 3400 806 3445 os.
842 3381 908 3443 750
942 3379 1065 3462 (Deba.
1089 3401 1122 3466 p.
1147 3380 1221 3443 297.
1245 3379 1302 3463 31)
1336 3377 1369 3443 τί
1404 3380 1433 3443 δὲ
1470 3378 1642 3459 παρακούων
1666 3383 1726 3461 οὐχ
1750 3383 1787 3454 εἰς

503 3516 587 3589 ἡμεῖς
622 3514 761 3588 εἰώθαμεν
797 3514 914 3591 λέγειν,
949 3522 1139 3597 καταφρονῶν
1165 3521 1221 3579 τῶν
1244 3514 1411 3592 λεγομένων
1435 3515 1517 3595 παρὰ
1539 3520 1596 3580 τῶν
1619 3515 1785 3593 δεσποτῶν,

502 3646 576 3712 οἰλλ’
596 3646 664 3719 ἰσυς
687 3647 720 3712 τί
744 3650 838 3727 λοίύρα
862 3649 1087 3729 ἕπακροοίμενος.
1113 3652 1187 3714 ἔνθεν
1211 3650 1261 3714 καί
1285 3651 1474 3723 ὠτακουστὰς
1497 3652 1521 3714 οἰ
1537 3651 1667 3716 ’Λττοκοί
1681 3658 1786 3735 φασιν.

548 3782 700 3870 Corrige:
714 3832 722 3850 .
736 3834 767 3851 ..
802 3783 875 3850 οἰλλ’
910 3784 992 3851 ἰσον
1025 3787 1102 3866 (τῷ
1125 3788 1364 3869 stramentio,
1398 3785 1431 3849 τὸ
1453 3786 1547 3864 λάθρα
1570 3785 1788 3868 ἰτακροοίμονος

503 3934 569 3983 κτλ.
596 3919 636 3984 οἰ.
660 3919 776 3985 Thom.
802 3918 845 3985 Μ.
872 3941 897 3985 s.
921 3941 954 3987 ν.

548 4053 604 4116 Ad
625 4074 669 4120 vs.
694 4056 760 4118 755
782 4075 851 4139 sqq.
887 4056 969 4120 Post
1004 4054 1170 4119 Xanthiae
1205 4053 1321 4120 verba:
1357 4054 1406 4118 καί
1441 4056 1487 4127 δὸς
1511 4056 1597 4120 κύσον
1621 4055 1671 4120 καί
1696 4056 1787 4129 αὐτὸς

503 4186 607 4270 κύσον,
631 4188 887 4276 explicationem
912 4190 1075 4255 eoenioam
1099 4212 1129 4256 v.
1155 4189 1323 4255 Leeuwen
1347 4188 1457 4254 addit:
1486 4190 1671 4272 „Clamores
1695 4190 1789 4258 audi·

505 4327 606 4386 untur
629 4328 705 4409 post
729 4324 893 4392 soonam''.
940 4326 972 4390 Δ
996 4325 1173 4391 scholiasta
1195 4325 1248 4390 hio
1272 4325 1442 4410 dissentit,
1467 4327 1522 4412 qui
1545 4332 1620 4413 post
1650 4327 1787 4404 ὁμομασ-

503 4462 603 4533 τιγίας
635 4478 783 4542 servum,
816 4459 957 4525 clamore
982 4460 1072 4525 intus
1095 4460 1226 4538 audito,
1262 4461 1372 4527 subito
1397 4462 1537 4527 tacuisse
1560 4465 1666 4549 putat.
1714 4462 1787 4549 Ego

503 4592 713 4659 scholiastam
749 4614 877 4679 sequor.
924 4595 1006 4660 Post
1040 4596 1206 4663 Xanthiae
1239 4598 1326 4663 enim
1350 4598 1451 4663 verba
1473 4597 1585 4664 vivida
1609 4603 1643 4663 et
1665 4598 1789 4664 alaeria

536 4932 565 4999 l)
583 4932 622 4986 Cf.
640 4934 714 4986 Kock
730 4935 764 4985 ad
781 4934 869 4999 Equit.
887 4949 924 4986 vs.
942 4933 999 4986 525.

537 5028 565 5093 2)
583 5028 677 5079 Philol.
694 5028 727 5078 57
745 5043 769 5092 p.
787 5027 844 5079 22⁴.
