4234 6059
1143 716 1279 795 80·

522 957 686 1043 jacturam
720 975 792 1020 esse
826 952 1002 1019 verisimile
1037 952 1138 1017 etiam
1173 950 1282 1017 reddit
1317 952 1454 1018 verbum
1490 951 1682 1033 πλησιάζειν,
1706 950 1806 1036 coire,

526 1089 614 1178 quod
638 1110 767 1178 semper
788 1088 856 1154 fere
880 1087 922 1153 de
946 1086 1090 1152 maribus
1113 1086 1246 1173 ponitur
1263 1086 1300 1171 ¹),
1324 1108 1397 1153 raro
1420 1085 1462 1153 de
1486 1086 1616 1152 feminis
1632 1088 1669 1170 2).

572 1224 677 1289 Schol.
702 1224 746 1288 ad
770 1244 814 1289 oe.
841 1224 939 1287 1310.
974 1221 1098 1308 (Dubn.
1123 1244 1156 1309 p.
1181 1223 1245 1287 309
1270 1222 1292 1288 b
1313 1224 1369 1307 51)
1394 1220 1455 1287 ἔστι
1479 1221 1508 1287 δὲ
1532 1220 1565 1286 ri
1590 1222 1810 1301 προεγκιίμειιι

528 1358 563 1435 ἐξ
582 1359 759 1441 Ἰφιγενείας
785 1368 838 1433 τῆς
876 1360 905 1422 ἐν
929 1359 1044 1424 Αὐλίδι.

571 1492 664 1570 Quae
681 1494 813 1558 omnino
830 1493 907 1557 ferri
923 1496 1103 1579 nequeunt.
1129 1492 1234 1558 Recte
1251 1492 1338 1558 enim
1352 1492 1496 1579 Hesych.
1511 1514 1537 1561 s.
1549 1513 1579 1558 v.
1598 1494 1809 1571 προεγκεῖιιθιιι
1887 1478 1891 1481 ’

528 1630 729 1721 sorduimus
751 1628 997 1714 interpretatur.

572 1764 763 1831 Restituere
807 1763 966 1848 cogitavi:
1011 1762 1276 1840 προεκκείμενιι
1313 1763 1334 1830 i.
1356 1783 1384 1829 e.
1420 1763 1505 1849 quod
1538 1763 1628 1828 modo
1664 1762 1811 1848 reposui·

527 1899 636 1963 minus
660 1904 771 1963 tamen
794 1901 829 1964 ot
854 1897 915 1962 hoc
938 1897 1056 1984 placet.
1105 1896 1214 1974 Quare
1238 1899 1381 1985 corrige:
1406 1901 1646 1976 προκείμενον.

572 2032 677 2099 Sctwl.
705 2033 785 2099 Rae.
813 2033 857 2097 ad
884 2052 927 2098 vs.
951 2034 1051 2099 1323.
1099 2034 1164 2117 ὁρᾷς
1188 2032 1335 2099 ricerdis
1358 2040 1476 2099 τοῡτσντ
1502 2034 1577 2120 [sai]
1602 2040 1701 2098 ταῦτα
1726 2031 1809 2104 αὐτὸς

527 2170 709 2249 προστίθησιν
737 2167 969 2246 decantaturus
998 2168 1153 2247 Εὐριπίδην
1175 2171 1211 2241 ὣς
1235 2167 1276 2233 τὰ
1299 2174 1423 2234 τοιαῦτα
1446 2170 1475 2233 εἰ
1498 2176 1557 2241 τοῖς
1580 2167 1700 2245 μέλεσιν
1724 2169 1809 2233 κὺτοῦ

528 2304 744 2380 ἐπιτηδεύοντα.

573 2439 797 2526 Depraratum
831 2438 919 2503 hunc
954 2438 1062 2504 locum
1097 2459 1169 2504 esse
1201 2438 1362 2527 suspicor,
1395 2439 1482 2526 quod
1515 2439 1629 2505 testari
1660 2436 1810 2505 videntur

529 2594 626 2639 voces
657 2574 707 2637 nat
733 2579 768 2639 ct
797 2575 895 2646 αὐτός.
943 2573 1049 2639 Nimis
1076 2574 1163 2639 enim
1192 2574 1366 2639 obscurum
1392 2574 1455 2640 hoc
1482 2579 1543 2640 est.
1589 2574 1678 2640 Fieri
1705 2578 1811 2661 potest

531 2714 567 2773 ut
598 2714 687 2774 recte
718 2707 760 2773 de
791 2707 862 2796 ipso
890 2709 1013 2774 comico
1037 2712 1124 2781 αὐτός
1149 2710 1313 2796 acceperit
1335 2710 1458 2795 Rutu,
1485 2715 1522 2774 ut
1545 2710 1623 2796 Lys.
1649 2712 1731 2794 282,
1755 2707 1810 2772 ubi

530 2848 642 2909 tamen
677 2843 748 2909 sine
780 2864 878 2910 causa
908 2850 1027 2932 poetae
1061 2864 1180 2909 nomen
1214 2844 1345 2912 delerit.
1395 2844 1448 2909 Sic
1479 2865 1557 2910 vero
1589 2844 1692 2930 magis
1716 2842 1810 2908 solito

529 2978 682 3066 ambiguo
711 2980 840 3045 locutus
871 2985 957 3045 esset
987 2980 1167 3068 interpres,
1201 2980 1393 3068 pracsertim
1424 3002 1498 3045 cum
1525 2980 1559 3045 in
1583 2980 1654 3067 ipso
1678 2979 1740 3044 hoc
1764 3000 1807 3044 ve.

528 3115 638 3201 plures
653 3117 724 3202 jam
742 3116 929 3203 loquantur.
965 3116 1046 3181 Mihi
1064 3137 1142 3181 sane
1158 3116 1360 3203 probabilius
1377 3136 1448 3181 esse
1464 3114 1596 3181 videtur
1612 3115 1809 3201 Aeschylum

529 3256 757 3317 annotatorem
787 3251 840 3317 hic
871 3251 1015 3347 indicere
1039 3252 1199 3318 ¹uoluisse.
1231 3289 1275 3301 -
1307 3250 1437 3316 Deinde
1468 3271 1510 3316 ne
1538 3249 1654 3315 ultima
1676 3246 1809 3336 quidem

528 3384 658 3471 integra
680 3385 782 3470 duco,
807 3386 863 3451 ubi
887 3390 976 3451 κὺτοῦ
1000 3387 1146 3471 languet.
1173 3385 1261 3461 Quas
1282 3386 1323 3451 ob
1341 3407 1455 3452 causas
1479 3385 1617 3451 forsitan
1636 3383 1811 3452 restituen-

529 3520 606 3585 dum
630 3522 690 3587 sit:
716 3522 904 3601 <Λ1σχύλος
928 3522 1047 3598 atyn>
1074 3522 1122 3585 axi
1148 3528 1247 3585 caira
1274 3560 1314 3569 -
1331 3522 1359 3584 ἐι
1376 3527 1435 3591 τοῖς
1452 3520 1678 3597 niteremini
1695 3522 1810 3595 εἰιιτιι-

529 3655 685 3728 δεύοντας
710 3654 786 3741 (nisi
810 3677 881 3723 voc.
905 3660 994 3721 atroci
1019 3656 1129 3723 delere
1154 3657 1279 3741 mavis).
1317 3656 1444 3722 Collato
1469 3660 1580 3722 tamen
1601 3652 1692 3721 schol
1719 3653 1810 3722 Ven:

528 3793 564 3861 ὡς
588 3791 637 3857 nai
661 3798 785 3857 rosarias
808 3791 991 3868 ἀμοιβαῖα
1015 3794 1043 3856 ἕν
1068 3799 1126 3863 τοῖς
1148 3793 1267 3867 μέλεσιν
1283 3790 1496 3864 ἐπιτηδεύοντας
1512 3791 1677 3870 Εὐριπίδου,
1697 3786 1811 3856 dubito

529 3947 571 3992 au
602 3933 704 3992 reiro
737 3948 795 4014 pro
827 3933 927 3992 ιιιῖιτιι
957 3928 1068 4014 legere
1091 3933 1255 4014 praestet,
1279 3928 1386 3992 itaut
1410 3925 1451 3992 ad
1474 3948 1545 3992 noc.
1570 3927 1628 4007 ὁρῶ
1652 3924 1811 3993 scholium

530 4067 657 4148 spectet
691 4067 790 4149 atque
821 4083 840 4127 e
864 4062 988 4127 calamo
1012 4062 1216 4127 annotatoris
1242 4067 1347 4127 totum
1370 4083 1419 4127 vs.
1444 4060 1610 4148 Aeschylo
1635 4060 1812 4129 tribuentis

530 4196 663 4262 fluxerit
677 4198 715 4282 ³).

533 4456 776 4467 ———-——--—-

563 4653 591 4722 1)
609 4656 647 4709 Ct.
665 4656 738 4709 Snid.
756 4671 776 4708 s.
795 4672 817 4709 v.
836 4656 986 4724 φιτιιλίζιις
1006 4660 1141 4714 Demosth.
1158 4662 1266 4715 XXXX.
1284 4662 1312 4728 83
1332 4664 1411 4715 Isocr.
1429 4666 1462 4715 ad
1479 4664 1537 4716 Nic.
1554 4662 1595 4730 373
1612 4664 1681 4716 Pluc
1698 4664 1752 4718 Cic.
1765 4664 1810 4733 29,

529 4748 606 4803 Thes.
624 4749 664 4802 19.

563 4843 591 4907 1)
609 4843 648 4896 Gt.
665 4844 806 4910 Hesych.s
831 4860 854 4895 v.
872 4842 1035 4908 θηλυτεράων,
1053 4848 1160 4902 Aristot.
1178 4850 1209 4901 de
1227 4866 1284 4917 gen.
1302 4852 1383 4903 anim.
1401 4851 1466 4903 3.1.

562 4926 590 4992 ³)
607 4928 644 4979 De
670 4930 750 4980 hocce
775 4928 907 4992 Euripidis
932 4931 1036 4982 dicendi
1063 4948 1158 4999 genere
1183 4937 1215 4987 ct.
1233 4952 1256 4987 e.
1274 4953 1298 5003 g.
1324 4938 1459 4988 cauticum
1477 4938 1546 5002 quod
1563 4938 1717 4989 continetur
1736 4938 1811 4990 Ionis

530 5036 582 5073 sss.
599 5020 740 5073 itit-215.
