4234 6059
1141 758 1183 829 68

498 986 507 997 ‘
565 986 684 1077 Inepte
705 988 767 1053 hoc
789 994 878 1055 certe
899 988 972 1054 looo
995 988 1077 1054 haec
1101 1010 1173 1055 esse
1197 989 1303 1077 quivis
1328 988 1438 1053 statim
1463 988 1563 1055 videt.
1589 988 1720 1055 Vitiose
1736 988 1797 1055 huc

521 1126 659 1210 trajecta
680 1144 769 1207 esse,
792 1145 867 1189 cum
890 1124 966 1189 olim
990 1124 1031 1189 ad
1055 1146 1102 1191 vs.
1130 1126 1214 1189 1056
1231 1124 1452 1211 pertinebant,
1474 1125 1631 1211 suspicor,
1648 1125 1704 1189 ubi
1721 1124 1798 1190 haec

520 1261 691 1346 leguntur:
715 1260 793 1323 πάνυ
816 1260 850 1331 δὴ
872 1257 917 1322 δεῖ
933 1259 1053 1338 χρηστοὶ
1080 1260 1178 1335 λέγειν
1202 1262 1292 1334 ἡμᾶς.
1316 1259 1370 1324 Ita
1392 1265 1429 1323 ut
1445 1280 1488 1324 ex
1504 1258 1627 1323 scholio
1645 1264 1800 1346 appareat

521 1395 603 1460 elios
626 1416 692 1459 non
715 1394 800 1459 male
823 1392 1029 1459 distinxisse:
1054 1393 1193 1473 χρήστ’
1215 1393 1391 1470 ἀλέγειν.
1418 1394 1458 1460 cl.
1483 1417 1529 1461 vs.
1557 1396 1653 1460 1030.

566 1529 670 1596 Schel,
701 1530 781 1595 Rau.
812 1528 856 1592 ad
884 1550 928 1593 ve.
952 1530 1052 1595 1051.
1077 1529 1195 1593 κῶιειαε
1226 1526 1268 1592 ὅτι
1292 1531 1490 1601 πληθυντικῶς
1513 1529 1616 1593 κώνεια
1640 1527 1725 1593 ἕνεκα
1750 1534 1798 1593 τοῦ

521 1662 732 1737 nonadecima
758 1664 850 1752 <wir
875 1663 1044 1742 πιούσας).

568 1798 692 1866 Addidi
715 1819 800 1886 quse
824 1800 991 1864 sententia
1013 1798 1200 1886 requiritur.

565 1934 669 2000 Schol.
685 1934 730 1998 ad
744 1954 787 2000 vs.
808 1935 902 2000 1068.
927 1933 1050 2017 (Dribn.
1068 1956 1099 2021 p.
1115 1936 1179 1999 304
1192 1933 1213 1998 b
1227 1934 1284 2016 44)
1296 1933 1379 2014 παρὰ
1390 1934 1456 2005 τοὺς
1468 1932 1553 2013 ἰχθῦς
1564 1933 1709 2013 siriaudo:
1723 1984 1732 1999 .
1746 1984 1754 1999 .
1769 1984 1777 1999 .
1793 1983 1801 1999 .

520 2072 610 2151 Φησὶι
633 2065 678 2135 οὖν
701 2068 744 2135 ὅτι
767 2073 966 2153 ἀναφαίνεται
989 2070 1064 2149 περὶ.
1079 2072 1120 2133 rei
1143 2070 1324 2149 ἰχθυοπῶλαι
1349 2068 1538 2147 ἀγορασείων.

565 2205 657 2282 Quae
689 2206 834 2273 rationes
863 2204 1088 2289 Dindorfium,
1121 2210 1159 2269 ut
1182 2204 1261 2270 satis
1284 2205 1396 2292 inepte
1419 2205 1597 2285 ἄροροισείωι
1623 2203 1800 2288 scriberet,

522 2341 703 2423 moverint,
738 2360 790 2407 me
825 2361 892 2406 non
923 2341 1052 2428 assequi
1088 2340 1230 2405 libenter
1260 2340 1430 2407 confiteor.
1465 2339 1556 2405 Nihil
1586 2337 1683 2404 video
1715 2337 1802 2424 quod

520 2477 631 2543 obstet
663 2476 837 2562 quominus
860 2496 1026 2541 servemus
1047 2474 1223 2541 lectionem
1248 2474 1368 2540 codicis
1392 2476 1495 2541 Rau:
1519 2473 1726 2554 ἄροροὶζιιι
1749 2472 1800 2538 vel

523 2633 596 2676 curn
621 2611 692 2677 cod.
717 2610 869 2676 Ambros.
893 2610 1056 2697 legamus:
1082 2609 1299 2687 οὶγοροέσωι.

566 2746 671 2812 Schol.
695 2746 776 2812 Bae.
800 2745 844 2811 ad
865 2767 909 2812 vs,
934 2747 1033 2811 1073.
1076 2749 1251 2826 ρὐππαιιαῖι
1276 2747 1455 2826 ἐπίφθεγμα
1480 2744 1611 2810 ναυτικὸν
1635 2767 1799 2822 παρασκευ·

520 2882 639 2948 cortada
662 2890 714 2956 τῆς
739 2882 932 2955 assentacione
955 2881 988 2944 ri
1011 2883 1184 2961 ῥυππαπαῖ.

563 3018 605 3083 In
638 3017 750 3084 codice
785 3022 860 3104 post
894 3040 976 3092 παρα
1003 3053 1045 3064 -
1070 3016 1185 3081 literae
1222 3015 1416 3100 nonnullae,
1453 3019 1538 3080 teste
1575 3013 1698 3099 Rutu,
1734 3012 1801 3099 legi

521 3160 690 3241 nequeunt
708 3153 754 3239 Ι);
790 3151 865 3218 Alli.
903 3150 1012 3217 dedit:
1053 3150 1502 3231 παρακελευσματικάν,
1543 3148 1800 3236 quodpropiue

519 3312 597 3355 vero
622 3288 716 3355 duco.
754 3288 889 3353 Oollatis
914 3308 991 3352 vero
1015 3287 1147 3352 scholiis
1171 3286 1212 3351 ad
1236 3287 1313 3373 Lys.
1330 3308 1377 3351 vs.
1399 3288 1483 3351 1303
1500 3289 1534 3351 et
1550 3285 1652 3371 Vesp.
1669 3306 1715 3347 vs.
1735 3286 1800 3349 900

519 3425 668 3512 praefero
700 3422 787 3508 quod
818 3424 987 3510 proposuit
1016 3420 1211 3507 Bernhardy
1228 3424 1271 3501 2):
1296 3420 1686 3503 ιιαριικιιιιυστικόι,
1711 3418 1801 3505 qnod

517 3559 686 3622 literarum
725 3577 861 3621 numero
900 3578 1029 3642 quoque
1068 3556 1184 3621 melius
1224 3577 1297 3620 cum
1336 3556 1442 3643 spatio
1477 3576 1580 3621 vacuo
1618 3574 1800 3640 congruere

519 3692 659 3758 videtur.
686 3730 725 3741 —-
751 3691 902 3778 Denique
925 3691 1000 3758 vide
1024 3713 1108 3777 quae
1132 3690 1173 3755 ad
1198 3690 1297 3756 schol.
1324 3712 1368 3757 vs.
1397 3693 1459 3755 180
1484 3689 1663 3755 observavi.

564 3828 801 3896 &laodociae
826 3830 925 3895 1093.
958 3823 1083 3916 (Dribn.
1116 3850 1148 3915 p.
1173 3829 1238 3893 305
1263 3827 1283 3892 b
1311 3828 1365 3913 12)
1389 3824 1452 3909 κᾷθ’
1477 3826 1501 3889 οἱ
1526 3833 1681 3904 Κεραριῆςι

519 3973 603 4032 τοῦτο
636 3966 665 4029 δέ
687 3971 777 4046 φησιν
800 3965 956 4045 Εὐφρόνιος
980 3962 1022 4028 ὅτι
1045 3962 1106 4027 cirri
1129 3970 1180 4028 τοῦ
1200 3966 1228 4028 ἐν
1252 3965 1292 4043 τῷ
1316 3964 1483 4043 Κεραμεικῷ
1506 3962 1618 4038 sionim
1641 3968 1694 4035 τῆς
1718 3976 1800 4038 λοιμ-

519 4101 625 4183 acidos,
651 4099 699 4163 aci
724 4099 790 4171 τοὺς
814 4098 959 4170 ὑστοὲιους
976 4098 1135 4178 τρέχοντας
1151 4098 1213 4161 cirri
1229 4104 1284 4162 τῶι
1300 4098 1444 4175 aaronica
1460 4096 1623 4161 τύπτεσθαι
1639 4096 1801 4167 πλατείαις

519 4235 574 4298 ὑπὸ
600 4241 657 4300 τῶι
680 4235 832 4298 ascalonae
856 4234 957 4314 χοροί·
981 4233 1030 4298 καὶ
1054 4234 1193 4309 λέγονται
1216 4236 1240 4297 ci
1264 4239 1398 4298 τοιαῦται
1421 4232 1599 4312 Κεραμεικαὶ
1623 4230 1753 4306 πληγαί.

563 4368 741 4454 Audacter,
766 4391 880 4457 parum
904 4375 1015 4434 tamen
1039 4368 1188 4452 feliciter,
1206 4390 1257 4434 me
1269 4367 1395 4454 judice,
1413 4371 1605 4433 contextum
1623 4366 1800 4431 restituere

516 4510 653 4572 conatus
678 4510 727 4569 est
751 4504 935 4571 Fritzsche:
959 4512 1044 4569 τοῦτο
1067 4504 1096 4568 δὲ
1119 4503 1149 4579 ὅ,
1174 4530 1202 4568 τι
1227 4502 1343 4587 (ἐστὶ,
1369 4504 1488 4577 δῆλον)
1512 4503 1572 4566 ἀπὸ
1589 4507 1639 4565 τοῦ
1660 4537 1700 4549 -
1717 4515 1799 4577 aaa·

520 4730 766 4741 ....--.-—-—

548 4882 575 4940 1)
593 4881 696 4933 Codicis
726 4882 869 4933 editionem
896 4880 1089 4947 pholotypicam
1119 4878 1253 4942 consului;
1281 4882 1345 4942 quot
1372 4882 1461 4927 tamen
1490 4875 1581 4925 literae
1608 4872 1798 4923 interciderint

514 4975 647 5027 affirmare
664 4990 775 5041 nequeo.

548 5069 576 5133 2)
599 5069 639 5119 Ad
657 5068 730 5120 Soio.
748 5084 801 5120 s.v.
819 5065 960 5130 ῥυππαπαῖ.
