4234 6059
905 767 948 800 Q

284 973 351 1041 kan
388 977 435 1042 als
471 977 545 1042 cine
580 978 656 1042 sehr
691 977 799 1042 reicbc
825 977 1018 1065 Sammlung
1042 977 1159 1043 hdehst
1183 978 1389 1064 auregender
1412 973 1565 1066 Bcitrtige

285 1134 344 1177 zur
380 1112 492 1177 Kritik
528 1112 595 1199 und
630 1112 816 1197 Erklarung
840 1112 898 1177 der
921 1113 1319 1199 Aristophanessoholien.
1367 1114 1407 1180 In
1431 1114 1570 1180 eandem

285 1247 484 1312 sententiam
503 1247 665 1332 judicium
689 1246 730 1311 de
754 1246 815 1311 boe
838 1247 921 1311 libro
947 1248 1022 1312 tulit
1046 1269 1076 1314 v.
1102 1249 1141 1314 cl.
1165 1271 1194 1314 v.
1221 1250 1387 1314 Leeuwen
1407 1248 1445 1335 ¹).

332 1381 397 1447 Sed
423 1384 493 1467 jam
525 1382 603 1446 satis
635 1387 685 1446 est
712 1403 754 1446 ne
779 1381 915 1445 nimium
940 1388 1109 1447 excrescat
1133 1383 1302 1469 praefatio.

331 1517 449 1581 Libros
472 1523 582 1581 autem
608 1523 641 1582 et
666 1516 905 1602 disputationes
922 1537 1020 1582 omne
1037 1540 1159 1604 genus,
1184 1519 1302 1605 quibus
1320 1520 1409 1585 varia
1425 1519 1567 1584 virorum

287 1652 456 1717 doctorum
493 1651 533 1715 de
569 1650 769 1716 editionibus
800 1650 926 1736 judicia
963 1616 1175 1718 continentur
1209 1655 1243 1718 in
1279 1655 1370 1720 calce
1407 1655 1569 1720 indicasse

287 1787 453 1854 suffecerit
468 1787 505 1871 2).

323 2144 352 2207 1)
370 2143 497 2194 lllnemos.
514 2143 547 2195 N.
565 2143 591 2196 S.
609 2144 642 2194 nt
659 2143 750 2209 peut
766 2160 806 2210 sq.

320 2236 349 2301 2)
367 2231 493 2288 Absolute
518 2239 624 2288 demum
650 2240 776 2302 opusculo
801 2240 829 2289 in
856 2254 953 2290 manus
971 2239 1037 2288 mihi
1056 2238 1149 2289 incidit
1167 2238 1234 2289 liber
1254 2239 1390 2305 Roemeri,
1408 2242 1454 2304 qui
1472 2241 1568 2291 inscri-

286 2331 372 2381 bitur:
400 2329 510 2381 Studien
537 2347 567 2381 zn
595 2332 784 2396 Aristophanes
811 2349 835 2384 n.
862 2334 912 2383 den
940 2335 1012 2384 alten
1040 2332 1183 2383 Erkldrern
1204 2332 1350 2384 desselben.
1370 2348 1394 2398 p.
1413 2334 1431 2384 1.
1469 2334 1520 2394 Qui
1539 2335 1566 2384 in

286 2425 447 2488 praelatione
464 2426 545 2474 eliam
563 2426 713 2489 opinionem
731 2440 809 2476 snam
826 2427 924 2490 profert
943 2427 1024 2490 hanc,
1044 2427 1160 2491 primum
1178 2427 1265 2476 locum
1283 2427 1380 2478 codicis
1392 2427 1448 2477 an
1467 2428 1568 2479 scholia

286 2519 387 2568 diutius
413 2518 534 2568 oblinere
559 2533 612 2568 non
640 2533 727 2587 posse,
756 2520 854 2583 quippe
881 2521 926 2585 qui
952 2520 1059 2570 scholiis
1077 2520 1173 2570 codicis
1190 2519 1258 2572 Ven.
1276 2520 1410 2572 debeatur.
1444 2520 1568 2571 Ceterum

286 2612 319 2661 de
344 2611 520 2662 Ruthertordo
546 2611 627 2661 nimis
653 2612 747 2663 acerbe
773 2613 878 2676 saepius
903 2628 964 2663 eum
979 2611 1112 2676 judicasse
1130 2613 1261 2664 existimo.
1278 2639 1303 2650 -
1329 2614 1402 2674 Quae
1419 2614 1451 2663 ad
1468 2614 1568 2665 scholia

286 2710 377 2755 nostra
395 2707 531 2768 portinent
550 2706 661 2772 per-legi;
686 2722 738 2757 non
759 2708 795 2756 ita
812 2707 897 2757 multa
915 2722 976 2757 vero
994 2708 1021 2757 in
1040 2707 1217 2772 quibuscum
1236 2712 1343 2757 anctore
1361 2709 1427 2759 mihi
1445 2708 1574 2760 convenit*

287 2798 387 2862 inveni,
407 2814 521 2864 qnorum
539 2803 655 2850 locorum
674 2800 701 2849 in
720 2801 791 2851 notis
809 2801 940 2851 rationem
958 2800 1091 2856 haberem.
