4234 6059
1123 681 1165 745 62

504 905 605 974 taedii
640 903 855 984 documento,
892 921 959 966 non
993 900 1155 986 cogitasse
1186 899 1370 964 luculenter
1394 903 1535 964 testatur
1561 900 1700 966 uerbum
1723 900 1783 962 δια-

506 1041 702 1123 στρέφεσθαι,
726 1035 814 1123 quod
837 1035 972 1123 ponitur
995 1034 1036 1101 de
1059 1035 1100 1099 iis
1123 1056 1207 1121 quae
1231 1056 1290 1121 per
1313 1034 1378 1100 rim
1402 1034 1540 1118 fiunt1).
1566 1073 1606 1083 —
1632 1034 1783 1101 Ceterum

505 1175 576 1240 sine
602 1174 734 1261 jactura
764 1171 888 1237 ultimis
911 1191 1111 1254 careremus,
1138 1169 1201 1235 nisi
1225 1169 1308 1235 forte
1331 1168 1553 1257 expungenda
1578 1170 1645 1233 sint
1669 1170 1783 1235 verba:

505 1310 546 1374 rat
568 1308 664 1391 alan,
689 1312 805 1395 utpote
827 1306 940 1393 inepte
963 1305 1122 1392 repetita,
1146 1326 1216 1371 roe.
1240 1304 1499 1383 διαστρεφομένους
1516 1325 1593 1370 vero
1612 1305 1785 1392 improprie

505 1442 733 1531 accipiendum
756 1443 810 1507 sit.
857 1439 918 1506 eui
942 1438 1118 1527 suspicioni
1144 1437 1220 1504 vide
1244 1458 1285 1503 ne
1312 1458 1424 1503 ansam
1447 1439 1604 1525 praebeat
1628 1439 1788 1525 glossema

506 1579 743 1646 subobscurum
768 1574 924 1663 Hesychii
948 1597 974 1641 s.
990 1597 1022 1640 v.
1046 1574 1258 1655 σνορδινοῖτναιε
1273 1624 1281 1641 .
1296 1624 1304 1640 .
1319 1624 1349 1641 ..
1374 1571 1508 1665 ὄτερκαὶ
1526 1573 1589 1653 περὶ
1606 1576 1672 1645 τοὺς
1690 1572 1788 1645 ἄλλως

507 1739 567 1787 τας
590 1711 836 1793 βασανιζομένους
860 1711 910 1775 καὶ
934 1708 1195 1791 διαστρεφομένους
1219 1706 1288 1785 ἔξω
1312 1714 1440 1783 μελῶν
1462 1709 1587 1783 γίνεται.

552 1844 657 1915 Schol.
682 1846 763 1911 Bao.
788 1846 832 1910 ed
855 1866 899 1912 os,
923 1847 990 1909 928
1013 1843 1221 1925 Σκαμάνδρους
1245 1860 1332 1909 κτους
1357 1844 1622 1924 χαρακτηριστνκδν
1639 1843 1689 1907 καὶ
1708 1850 1790 1909 τοῦτο

508 1980 552 2047 ὅτι
575 1982 666 2055 πολὺς
690 1981 843 2060 Αἰσχύλος
867 1982 896 2043 ἕν
918 1982 959 2061 τῷ
982 1981 1135 2057 ποταμοὺς
1159 1979 1208 2044 καὶ
1235 1978 1281 2060 ὅρον
1307 1979 1416 2057 λέγειν.

554 2116 658 2183 Ruth.
683 2120 837 2182 annotat:
866 2115 932 2180 The
953 2113 1019 2179 καὶ
1042 2114 1103 2191 ὅρη
1123 2122 1267 2202 presente
1290 2136 1310 2178 o
1334 2114 1514 2203 difficulty,
1539 2113 1734 2180 existimans
1752 2113 1792 2179 ad

509 2253 632 2319 uariam
654 2252 830 2317 lectionem
854 2270 912 2337 pro
937 2248 1083 2331 τάφρους,
1108 2271 1206 2335 qnam
1227 2270 1314 2315 nnnc
1328 2250 1527 2337 ignoramus,
1543 2249 1625 2315 haec
1642 2256 1792 2337 spectare

510 2392 568 2452 aut
596 2387 803 2451 scholiastam
828 2387 861 2450 in
884 2386 1039 2451 lemmate
1063 2385 1234 2460 ἠταστιδοιν
1257 2386 1361 2451 latere
1385 2385 1567 2471 genitivum
1592 2386 1793 2450 substantivi

506 2522 568 2597 'lta
593 2541 762 2608 perperam
788 2520 956 2608 opinatum
981 2541 1070 2603 esse,
1095 2520 1142 2585 ita
1165 2526 1203 2584 nt
1226 2519 1363 2585 fortasse
1386 2520 1521 2605 legerit:
1558 2516 1643 2591 οἶτος
1669 2522 1697 2583 τ’
1722 2522 1795 2585 ι’δῶν.

513 2656 620 2721 Ρτὶοιί
658 2657 843 2721 sententiae
879 2655 1056 2739 assentior,
1095 2656 1287 2741 praesertim
1327 2677 1400 2720 cum
1425 2673 1505 2720 roc.
1542 2657 1671 2737 colopene
1707 2654 1796 2742 apud

512 2796 644 2879 poetam
675 2790 783 2855 minus
815 2790 901 2855 benc
932 2789 1093 2877 quadrare
1125 2812 1313 2878 persuasum
1337 2789 1417 2855 mihi
1442 2790 1493 2855 sit.
1531 2791 1736 2875 Quamquam
1760 2790 1797 2853 in

514 2925 747 2992 commentario
784 2948 815 2993 v.
847 2926 1012 2991 Leeuwen
1043 2931 1133 2992 recte
1165 2925 1244 2991 dicit
1275 2927 1413 2991 multum
1437 2924 1478 2991 ad
1502 2947 1571 2991 rem
1596 2947 1662 2991 non
1687 2925 1796 2993 facere

513 3062 599 3150 quod
631 3062 848 3127 observarunt
871 3062 1090 3146 recentiores,
1114 3061 1304 3128 Scamandri
1328 3083 1448 3127 nomen
1476 3060 1563 3149 apud
1589 3061 1794 3147 Aeschylum

513 3197 644 3283 saepius
668 3217 837 3262 occurrere
862 3216 922 3263 nee
945 3196 1052 3284 ipsum
1077 3217 1197 3262 nomen
1221 3195 1410 3285 Euripidem
1432 3197 1486 3262 hio
1510 3198 1718 3284 vituperare,
1737 3196 1795 3261 sed

514 3331 657 3417 exempli
691 3350 790 3395 causa
824 3330 958 3415 afferre,
996 3336 1033 3395 ut
1068 3331 1156 3397 unde
1194 3331 1378 3418 Aeschylus
1414 3332 1584 3397 materiem
1609 3330 1796 3396 dramatum

516 3463 720 3551 potissimum
756 3464 910 3551 petiuerit
946 3465 1126 3551 significet,
1158 3467 1276 3533 mirum
1309 3474 1419 3533 tamen
1452 3467 1532 3532 mihi
1563 3465 1695 3533 ridetur
1726 3485 1796 3531 voc.

515 3599 627 3681 τάφρος
666 3619 741 3665 ουτοι
781 3597 990 3684 adjunxisse,
1029 3601 1116 3688 quod
1157 3603 1258 3668 semel
1297 3608 1425 3667 tantum
1465 3601 1553 3690 apud
1593 3601 1799 3688 Aeschylum

514 3732 679 3818 iuvenil).
716 3732 787 3799 Nisi
821 3755 939 3800 nomen
976 3737 1142 3824 proprium
1177 3737 1276 3826 idque
1308 3740 1428 3803 montis
1460 3737 1623 3803 excidisse
1647 3741 1798 3802 statuere

516 3867 610 3933 malis
633 3866 735 3956 (qnod
759 3869 934 3935 verisimile
958 3876 1056 3958 puto,
1080 3872 1157 3937 licet
1181 3872 1267 3960 quod
1291 3895 1471 3962 proponam
1487 3873 1627 3938 habeam
1645 3857 1800 3959 nullum),

517 4006 606 4067 carte
645 4023 714 4069 roc.
754 4003 993 4090 quodammodo
1031 4010 1294 4087 χαρακτηριστικόο
1337 4008 1493 4094 Aeschyli
1533 4008 1799 4095 exspectaveris,

518 4134 717 4222 minimeque
750 4136 784 4202 id
818 4138 925 4226 ipsum
959 4160 1029 4208 roc.
1067 4141 1153 4227 quod
1184 4141 1270 4230 apud
1304 4165 1396 4229 eum,
1440 4144 1495 4229 qui
1531 4143 1627 4209 alteri
1660 4143 1801 4208 insultat

518 4268 694 4336 admodum
719 4278 769 4337 est
792 4272 944 4359 frequens
961 4275 1009 4363 ³),
1038 4276 1125 4363 apud
1150 4299 1225 4343 eum
1249 4299 1326 4344 vero
1350 4278 1403 4343 eui
1425 4279 1564 4344 insultat
1587 4278 1800 4345 rarissimum.

518 4401 643 4488 lloquid
668 4403 754 4492 apud
778 4411 909 4493 poetam
933 4409 1109 4477 scholiasta
1124 4411 1267 4498 legerat:
1292 4415 1470 4495 τοέφοαςΡ
1494 4414 1567 4488 Qua
1581 4434 1662 4479 voce
1679 4415 1802 4501 saepis-

520 4618 766 4631 *m-

554 4767 637 4835 1)(11.
655 4768 742 4835 Eqult.
760 4784 796 4823 vr.
814 4768 875 4837 lurp
894 4772 939 4825 Ar.
957 4786 993 4823 rs.
1013 4770 1073 4839 1783
1092 4774 1206 4827 Acheru.
1225 4790 1261 4826 rs.
1278 4776 1318 4828 15.

555 4862 583 4927 tl)
601 4862 673 4927 Sept.
691 4876 728 4913 vr.
745 4862 786 4915 stt.

557 4955 584 5023 tt)
601 4955 699 5008 Plroou.
718 4970 768 5009 uss.
786 4954 842 5020 utu,
860 4956 934 5021 tillo,
952 4956 1028 5024 illiti,
1047 4958 1103 5011 Alo.
1120 4974 1158 5011 rs.
1176 4960 1238 5027 919;
1257 4962 1336 5015 Rhes.
1355 4978 1405 5015 vss.
1423 4962 1480 5029 111,
1497 4964 1554 5015 113.
