4234 6059
1123 735 1166 815 tt

548 962 653 1038 Sobel.
677 969 721 1036 ad
743 991 786 1036 os.
810 973 886 1037 357.
921 969 1044 1055 (Dfibn.
1062 992 1093 1058 p.
1114 973 1249 1057 286.50)
1264 973 1338 1051 μηδὲ
1355 975 1513 1052 Κοατίνονῖ
1539 980 1611 1049 τινὲς
1627 971 1787 1052 βούλονται

503 1109 555 1183 τὴν
577 1108 756 1189 Φιλονεικίαν
779 1109 869 1172 αὐτοῦ
895 1107 1049 1182 δηλοῦσθαι
1074 1109 1106 1172 ἐκ
1129 1114 1179 1174 τοῦ
1203 1109 1410 1192 ταυροφάγου,
1434 1109 1451 1176 ὅ
1472 1112 1533 1177 εὀπι
1561 1115 1709 1181 Διονύσου.

552 1244 664 1330 Lege:
686 1243 888 1328 φιλοινίαν
911 1242 951 1309 cf.
976 1241 1068 1309 huid.
1093 1265 1118 1308 a.
1143 1263 1173 1310 v.
1198 1251 1346 1326 Κρατῖνος.
1361 1245 1397 1330 ¹).

547 1377 653 1445 Sobel.
687 1379 769 1447 Ιίαν.
792 1378 836 1444 ad
857 1399 902 1446 ca.
926 1380 1003 1444 358.
1049 1377 1256 1460 βωμολόχοιεῑ
1291 1379 1351 1445 οίπί
1376 1386 1431 1446 τῶν
1454 1387 1610 1462 λοχῶνπαν
1635 1385 1698 1463 περί
1723 1386 1788 1458 τοὺς

502 1514 620 1593 βωμοὺς
655 1514 706 1580 καί
740 1514 923 1592 βουλομένων
959 1539 986 1578 τι
1021 1513 1130 1592 λαβεῖν
1164 1515 1372 1591 μετενήνεκται
1405 1517 1420 1590 ἦ
1447 1515 1533 1593 λέξις.
1555 1517 1561 1604 Ι
1581 1519 1787 1601 βαμολίχοις;

503 1649 639 1731 <capiet
661 1648 832 1731 βωμολόχον
855 1650 916 1736 ol>
938 1649 992 1714 ὑπὸ
1015 1655 1071 1715 τῶν
1094 1641 1202 1727 picco
1227 1649 1424 1732 (καθίζοντες
1441 1647 1501 1722 ol>
1517 1655 1618 1718 πολλοὶ
1634 1661 1787 1735 λιπαροῦοι

502 1783 708 1857 κολακεύοντες
731 1784 839 1863 λαβεῖν
861 1809 889 1850 τι
914 1785 996 1865 πάρίι
1020 1791 1076 1850 τῶν
1106 1784 1234 1870 toleror.

547 1920 653 1988 Recte
683 1942 727 1988 ex
758 1920 842 1988 Ven.
867 1941 926 2008 pro
951 1922 1016 2002 περί
1039 1921 1142 1988 Ruth.
1168 1921 1293 2010 recepit
1317 1920 1408 2002 παροί.
1446 1921 1603 1989 Ceterum
1627 1923 1715 1990 haud
1742 1926 1788 1991 ita

502 2077 607 2144 pauca
629 2057 700 2123 aine
726 2056 794 2122 ulla
817 2076 916 2123 cauea
937 2055 1086 2122 inscruit.
1127 2055 1165 2121 In
1184 2054 1255 2121 cod.
1273 2055 1411 2122 alterum
1428 2056 1528 2123 schol.
1546 2058 1684 2145 incipit:
1713 2055 1786 2124 οὗτοι

502 2193 562 2274 γὰρ
585 2193 641 2257 ὑπὸ
659 2198 716 2258 τῶν
738 2193 846 2270 βωμῶν
870 2208 938 2258 κτλ.
962 2213 1046 2279 quoe
1071 2191 1227 2280 optimam
1252 2191 1449 2258 sententiam
1473 2193 1634 2280 praebent
1647 2195 1685 2278 2).

545 2327 587 2393 In
610 2350 654 2395 os,
678 2330 745 2394 359
768 2329 867 2415 vulgo
890 2327 1028 2414 legitur:
1053 2331 1070 2403 ἢ
1094 2326 1198 2393 στοὶοιν
1224 2327 1331 2408 ἕχίμοίν
1354 2329 1396 2402 μίν
1417 2325 1572 2408 καταλύει,
1585 2327 1787 2406 μνδέίίαολίς

503 2465 581 2530 ἐστιν
609 2464 756 2537 πολίταις.
780 2485 811 2531 v.
836 2465 1022 2548 Leeuwen,
1046 2462 1259 2552 Blaydeeium
1284 2467 1433 2548 secutus,
1456 2464 1624 2552 praetulit,
1649 2463 1682 2529 id
1699 2464 1787 2550 quod

503 2599 663 2665 exhibent
686 2598 780 2665 codd.
800 2600 916 2666 Ambr.
943 2605 978 2665 et
993 2599 1116 2670 Paria:
1142 2600 1310 2684 πολίτας,
1335 2599 1412 2684 quia
1426 2599 1462 2664 in
1479 2599 1613 2685 vulgata
1629 2600 1786 2666 articulus

503 2735 763 2824 praemittendus
786 2735 912 2802 luisset.
946 2735 1106 2800 Attamen
1127 2734 1323 2824 optimorum
1348 2732 1440 2800 codd.
1458 2734 1634 2800 lectionem
1651 2734 1784 2803 defendi

503 2891 599 2957 posce
633 2876 729 2958 puto,
765 2871 863 2937 immo
895 2871 955 2937 rub
986 2871 1057 2959 ipro
1082 2870 1144 2937 hoc
1168 2868 1303 2942 πολίταις
1327 2869 1476 2936 aculeum
1500 2871 1603 2936 latere
1627 2871 1783 2961 suspicor.

503 3006 609 3072 Poeta
639 3005 724 3072 ceria
749 3006 871 3092 jocosis
904 3006 1078 3072 immiscens
1103 3004 1305 3071 adversarios
1328 3005 1363 3070 in
1387 3004 1509 3092 paredo
1535 3006 1693 3092 exagitat.
1730 3006 1784 3073 Sic

503 3143 563 3208 viri
594 3141 682 3208 docti
705 3142 746 3208 ad
779 3142 1017 3231 cleophontem
1041 3143 1123 3210 haec
1147 3147 1295 3229 spectare
1319 3140 1360 3206 ad
1384 3162 1485 3206 unum
1509 3163 1622 3208 omnes
1647 3164 1785 3209 consen.-

503 3278 600 3345 tiunt.
646 3278 699 3343 le
722 3300 785 3344 vac.
811 3279 895 3360 679,
923 3280 1007 3343 1532
1032 3284 1143 3344 autem
1166 3278 1345 3364 ingenuum
1370 3276 1474 3343 civem
1500 3298 1576 3342 eum
1599 3277 1785 3344 neminisse

502 3412 686 3479 luculenter
719 3384 822 3500 patet.
861 3413 977 3500 Itaque
1011 3413 1064 3479 hic
1100 3435 1229 3500 quoque
1265 3414 1415 3480 consulto
1448 3412 1498 3478 hio
1522 3413 1629 3478 verbis
1652 3419 1785 3500 poetam

502 3569 595 3612 usum
620 3570 709 3633 cose,
734 3554 771 3613 ut
795 3549 913 3614 clarius
936 3547 1055 3629 etiam,
1080 3569 1178 3636 quem
1194 3549 1372 3634 indiceret,
1391 3553 1573 3637 appareret,
1592 3569 1785 3635 persuasum

502 3683 581 3749 mihi
616 3690 675 3750 eet.
712 3685 837 3770 Majorc
872 3685 960 3749 vocis
993 3684 1025 3751 vi
1049 3687 1077 3749 ai
1100 3706 1170 3751 voc.
1195 3687 1331 3757 πολίταις
1355 3683 1596 3770 pronuntiatur,
1622 3683 1784 3771 oppositio

501 3819 589 3886 inter
611 3821 698 3888 cives
722 3826 755 3886 et
778 3821 996 3907 alienigenam
1021 3819 1175 3886 nascitur.
1209 3821 1349 3887 Vertere
1366 3820 1433 3886 fere
1450 3840 1637 3906 possumus:
1666 3840 1783 3905 „neque

501 3958 629 4025 contar
662 3979 694 4022 se
725 3959 809 4044 perit
843 3957 937 4043 idque
971 3978 1047 4042 erpa
1083 3954 1193 4041 ctces”‚
1229 3977 1303 4021 noa:
1341 3963 1499 4041 tepenocer
1530 3954 1676 4040 turpare,
1701 3974 1785 4019 non:

500 4092 726 4180 medeburpcre.
761 4131 803 4141 -
839 4091 1051 4158 Consimilem
1083 4091 1191 4156 locum
1214 4091 1350 4156 articulo
1378 4090 1496 4155 omisso
1520 4090 1679 4155 habemus
1702 4088 1780 4154 Eur.

501 4226 590 4293 Med.
614 4229 696 4292 223:
731 4227 790 4292 οὐδ’
806 4227 896 4292 οίοπόν
917 4226 995 4310 τίνετ’
1021 4226 1100 4300 ὅστις
1124 4226 1250 4301 clitellae
1274 4225 1372 4304 γεγώς
1393 4223 1400 4314 Ι
1420 4225 1518 4307 πικρὸς
1545 4225 1680 4297 πολίταις
1705 4223 1784 4288 ἕτπίν

534 4601 562 4664 1)
579 4602 617 4652 De
634 4601 742 4652 Cratino
759 4605 878 4665 potatore
895 4600 927 4650 cl.
945 4599 1026 4650 schol.
1043 4599 1076 4649 ad
1095 4599 1154 4649 Pac.
1172 4613 1201 4648 vs
1219 4597 1275 4662 702,
1293 4599 1325 4648 ad
1338 4597 1425 4662 Equit.
1439 4613 1469 4648 vs
1481 4596 1531 4647 400
1543 4597 1624 4662 (quod
1640 4597 1782 4661 exscripsit

502 4697 575 4747 Suid.
593 4711 613 4747 s.
626 4712 650 4746 v.
666 4693 764 4760 κώδιον)
783 4700 810 4744 et
827 4695 989 4760 epigramma
1007 4693 1077 4757 apud
1095 4692 1192 4743 Athen.
1210 4691 1236 4742 11
1254 4707 1277 4755 p.
1296 4689 1330 4741 39
1347 4706 1370 4742 c.

534 4790 563 4855 2)
580 4790 618 4840 De
644 4791 693 4840 hoc
719 4788 902 4839 mendicorum
925 4801 1020 4854 genere
1038 4787 1070 4837 cl.
1088 4787 1153 4837 Poll.
1173 4785 1220 4836 Ill.
1237 4784 1300 4850 111,
1329 4785 1410 4836 schol.
1428 4785 1460 4836 ad
1479 4784 1548 4836 Nub.
1568 4800 1596 4835 vs
1613 4783 1677 4848 910,
1695 4784 1784 4849 Equit.

501 4898 531 4934 vs
548 4882 609 4947 901,
637 4883 756 4933 Platonis
783 4881 905 4945 Reipubl.
930 4880 994 4933 Xe.
1012 4880 1035 4945 7,
1063 4879 1137 4931 Suid.
1154 4895 1174 4931 s.
1193 4895 1230 4943 a,
1255 4878 1367 4944 Hesych.
1387 4893 1406 4929 s.
1425 4893 1449 4929 v.
1477 4878 1554 4944 Apud
1580 4878 1690 4945 Hesycb.
1718 4877 1784 4928 haec

502 4977 627 5042 legimus:
646 4978 810 5038 βαμολόχοοε
903 4974 1020 5038 παρίετο
1039 4975 1128 5036 λοχείν
1147 4972 1181 5032 είς
1199 4973 1259 5031 τοὺς
1269 4973 1384 5034 βαμοίιο,
1402 4972 1416 5020 b
1425 4977 1493 5023 lor-ra
1503 4969 1640 5034 inciperim.
1658 4970 1785 5022 Rescribe

501 5071 550 5120 sis:
569 5070 638 5131 παρίι
656 5071 687 5118 πὸ
705 5080 741 5120 λο
747 5067 810 5132 χεί
817 5086 859 5118 ειν
877 5079 936 5118 απλ.
954 5070 986 5121 cf.
1004 5070 1102 5120 ibidem
1119 5084 1139 5119 s.
1158 5084 1180 5119 v.
1198 5065 1367 5128 λοχείοντεςι
1384 5063 1564 5129 ίνεδρειίοντεο,
1578 5067 1640 5117 Pac.
1658 5063 1733 5116 1014.
