4234 6059
1135 672 1177 747 ol

560 908 712 995 Oorrige:
747 913 965 982 συμποιεῖν.
1005 905 1044 970 ol.
1081 905 1181 971 sohol.
1211 904 1253 969 od
1277 926 1325 972 rs.
1352 906 1455 987 1408,
1479 904 1539 968 hos
1563 925 1616 968 ves
1652 925 1695 969 ex
1718 901 1797 969 Vita

516 1042 657 1130 quadam
680 1041 863 1130 Euripidis:
887 1046 1067 1123 Κηφισοφῶν
1091 1038 1189 1119 ἄριστε
1215 1040 1264 1104 rai
1290 1040 1462 1115 μελάντοοτε
1481 1039 1489 1126 1
1508 1039 1545 1103 σὺ
1570 1040 1599 1103 δὲ
1626 1039 1742 1133 συνέζνς
1757 1042 1797 1110 εἷς

515 1181 558 1243 τοὶ
587 1177 676 1243 πόλλ’
704 1175 842 1257 Εὐριπίδῃ
861 1176 867 1262 Ι
888 1176 936 1239 καὶ
960 1176 1136 1250 συνεποὶεις,
1170 1173 1205 1247 ὥς
1229 1182 1324 1255 Φοοσι,
1352 1179 1404 1249 τὴν
1428 1176 1610 1255 πρεμῳδίιον,
1637 1174 1732 1260 Diog.
1757 1176 1796 1240 L.

515 1288 569 1397 II,
593 1313 630 1396 5,
655 1313 675 1375 2
699 1310 741 1375 de
764 1311 917 1377 Socrate:
942 1310 1030 1375 ἐδόκει
1054 1310 1084 1374 δὲ
1106 1316 1258 1387 συμποιεῖν
1281 1310 1427 1391 Εὐριπιῖρ.
1456 1308 1567 1374 Minus
1591 1314 1705 1396 aptum
1727 1331 1798 1375 ver·

515 1447 594 1513 bum
624 1453 781 1522 συμπονεῖν
812 1466 884 1511 esse
915 1449 1025 1532 potet,
1056 1466 1131 1511 oum
1160 1452 1254 1509 πονεῖν
1279 1444 1319 1510 de
1343 1445 1441 1511 rebus
1465 1445 1613 1511 molestis
1637 1451 1796 1531 ponetur;

515 1589 604 1646 ποιεῖν
636 1587 670 1647 et
700 1588 852 1656 συμπονεῖν
884 1601 962 1646 τετυ
986 1579 1027 1646 de
1051 1586 1122 1647 orte
1146 1580 1275 1667 poetioo
1299 1580 1491 1666 praesertim
1515 1580 1550 1643 in
1573 1601 1635 1644 usu
1659 1586 1737 1644 sunt
1758 1580 1796 1644 of.

516 1716 618 1782 sohol.
641 1715 683 1780 od
707 1736 754 1782 rs.
783 1716 888 1798 1400,
913 1713 954 1780 od
979 1714 1122 1781 Acheru.
1146 1736 1193 1781 vs.
1219 1717 1304 1800 412,
1328 1714 1449 1801 possim
1468 1714 1502 1799 ¹).

560 1851 601 1915 In
631 1851 697 1915 fine
729 1849 799 1915 uod.
832 1850 918 1917 Ven.
949 1849 1031 1915 haee
1055 1849 1165 1914 addit:
1197 1848 1289 1925 ἕτερος
1314 1848 1344 1915 δέ
1367 1850 1429 1914 ἐστι
1453 1855 1632 1929 Κηφισοφῶν
1656 1851 1670 1914 ὁ
1693 1851 1742 1913 καὶ
1766 1850 1798 1914 τὸ

515 1987 664 2065 ψήφισμα
699 1986 867 2061 εἰσενεγκὼν
904 1984 973 2063 ὑπὲρ
1009 1990 1060 2049 τοῦ
1095 1986 1240 2064 εἱρχθῆναι
1276 1992 1328 2058 τῆς
1364 1984 1393 2048 ἕν
1425 1986 1585 2064 πρυτανείῳ
1613 1986 1753 2059 σιτήσεως
1771 1985 1796 2060 *,

518 2120 636 2208 quibus
671 2121 807 2185 loounae
842 2120 971 2206 signum
1005 2120 1153 2206 opposui.
1190 2120 1264 2185 Non
1297 2118 1430 2205 dubito,
1456 2120 1534 2205 quin
1559 2120 1690 2205 objecto
1716 2142 1796 2208 opus

521 2256 574 2320 sit.
610 2256 660 2321 De
684 2253 872 2340 hujusmodi
896 2259 1006 2319 autem
1031 2254 1307 2342 Oephisophontis
1331 2254 1502 2341 eujusdam
1518 2256 1689 2341 rogatione
1707 2255 1798 2338 nihil,

518 2389 606 2475 quod
630 2390 749 2473 soiorn,
773 2390 916 2454 innotuit
940 2390 1051 2475 itoque
1076 2410 1160 2475 quae
1184 2389 1367 2478 supplenda
1396 2391 1462 2455 sint
1488 2412 1546 2478 pro
1563 2398 1652 2455 oerto
1670 2392 1798 2456 firmare

517 2546 586 2590 non
618 2546 799 2612 possumus.
845 2526 1004 2590 Attamen
1036 2526 1071 2588 in
1099 2525 1197 2591 sohol.
1224 2525 1264 2589 od
1289 2525 1348 2610 Eq.
1373 2546 1420 2590 vs.
1445 2527 1509 2590 575
1535 2523 1576 2591 de
1600 2525 1797 2609 Oleaeneto‚
1861 2540 1864 2543 '

518 2659 650 2726 Cleonis
685 2665 797 2747 patre,
832 2659 914 2724 hoeo
937 2659 1110 2744 leguntur:
1129 2710 1136 2726 .
1155 2710 1162 2726 .
1183 2711 1215 2726 ..
1240 2662 1264 2723 οἱ
1288 2662 1316 2724 δὲ
1340 2658 1382 2724 ὅτι
1406 2656 1487 2731 οὗτος
1511 2659 1627 2740 ἔρρεψε
1650 2664 1798 2741 ψήφισμα

518 2798 560 2872 μὴ
594 2795 650 2858 δεῖν
684 2795 793 2870 δοθῆναι
828 2803 887 2865 τοῖς
922 2802 1101 2874 στρατηγοῖς
1136 2796 1257 2867 σίτησιν.
1306 2794 1399 2870 Quae
1436 2816 1508 2859 oum
1547 2795 1647 2862 schol.
1684 2758 1798 2862 nostro

518 2929 693 2995 cohaerere
737 2930 817 2994 satis
853 2929 1021 3015 probabile
1057 2928 1221 2994 existimo.
1268 2929 1363 3005 Quod
1399 2932 1487 2996 enim
1521 2952 1595 2995 oum
1630 2930 1801 2998 Oleaeneti

517 3029 649 3131 nomine
684 3064 770 3129 hano
805 3064 912 3151 legem
944 3066 1144 3149 junxerunt,
1181 3064 1279 3150 hujus
1313 3065 1362 3130 rei
1396 3066 1466 3152 ipse
1489 3066 1545 3130 ille
1568 3035 1661 3130 loeus
1684 3088 1800 3153 parurn

516 3199 705 3264 intellectus
728 3220 827 3264 eausa
850 3220 921 3264 esse
945 3198 1085 3264 videtur.
1133 3199 1246 3264 Talem
1271 3220 1347 3265 vero
1372 3200 1479 3286 legem
1502 3200 1681 3286 aliquando
1698 3201 1800 3266 lotam

518 3354 589 3398 esse
631 3333 726 3397 facile
768 3332 915 3415 credam,
959 3332 1119 3420 siquidem
1162 3334 1293 3421 saepius
1337 3334 1485 3401 homines
1525 3336 1700 3422 nequiores
1735 3337 1798 3403 hoo

517 3466 714 3531 beneficium
748 3466 841 3530 molis
877 3466 1002 3532 ortibus
1037 3468 1212 3554 petivisse,
1247 3474 1377 3555 praeter
1404 3470 1463 3537 l.l.
1499 3492 1543 3536 ex
1567 3470 1801 3560 Aristophanis

518 3599 710 3687 Equitibus,
744 3600 842 3665 etiom
874 3606 1014 3667 testatur
1047 3603 1203 3668 Aesohin.
1228 3603 1282 3670 Or.
1306 3606 1342 3668 in
1366 3606 1454 3671 Otes.
1479 3608 1497 3691 §
1523 3609 1597 3673 178.
1624 3645 1664 3655 -
1691 3607 1801 3683 Quare

517 3734 692 3801 verisimile
728 3736 807 3800 mihi
842 3735 972 3801 ridetur
1007 3736 1194 3802 addendum
1229 3760 1318 3807 esee:
1358 3744 1482 3813 <τοὺς
1506 3745 1800 3823 στρυτννυύς>.

516 3869 605 3935 Num
629 3877 723 3935 reote-
741 3891 818 3936 vero
843 3870 883 3935 od
909 3870 1209 3965 Cephisophontem
1227 3875 1389 3960 quendam
1408 3882 1574 3943 auctorem
1590 3862 1675 3943 hono
1691 3878 1801 3965 legem

518 4005 722 4089 rettulerint,
758 4004 931 4091 dijudicari
961 4007 1093 4091 nequit,
1126 4029 1199 4072 oum
1230 4009 1339 4096 plures
1362 3992 1461 4097 hujus
1485 4013 1626 4079 nominis
1649 4014 1801 4079 homines

518 4137 639 4201 fuerint
661 4160 722 4203 neo
746 4138 807 4204 hoo
830 4139 871 4205 de
895 4161 930 4205 re
954 4145 1125 4226 praetereo
1150 4143 1325 4229 quidquam
1350 4153 1553 4234 compertum
1570 4148 1800 4231 habeamusl).

563 4269 668 4337 sotor.
692 4272 772 4348 Rae.
797 4274 841 4337 ad
862 4295 907 4338 oo.
930 4277 1006 4341 951.
1054 4276 1171 4342 τοιύτοὶι
1193 4279 1258 4342 riori
1286 4282 1400 4345 retiret
1424 4282 1514 4347 αὐτοὶ.

534 4408 536 4412 ’
563 4403 638 4469 Huo
669 4406 791 4490 Ruth„
822 4428 991 4495 perperam
1023 4411 1154 4498 opinor,
1188 4416 1390 4500 transposuit
1420 4438 1504 4501 quoe
1528 4416 1568 4481 od
1594 4439 1640 4481 vs.
1665 4439 1799 4505 praeoe-

518 4626 765 4636 ——---—-.-

550 4773 579 4839 1)
596 4775 672 4840 Apud
690 4776 777 4839 ipsum
794 4777 925 4829 comicum
942 4779 1189 4844 frequentissimum
1207 4788 1246 4833 est
1265 4785 1384 4837 verbum.
1403 4786 1441 4836 Cf.
1460 4788 1526 4839 Rau.
1546 4802 1596 4840 rss.
1615 4788 1655 4856 79,
1667 4788 1725 4855 936,
1738 4789 1801 4858 963,

518 4866 592 4931 1021,
609 4867 686 4935 10233
704 4869 863 4933 Thesmoph.
880 4885 932 4921 vss.
951 4870 1005 4936 150,
1023 4872 1079 4937 158,
1097 4874 1147 4925 193
1165 4891 1190 4926 e.
1209 4892 1233 4927 a.

551 4959 579 5025 ι1)
596 4960 635 5011 Do
648 4962 710 5024 jure
726 4962 850 5026 epulandi
867 4964 895 5013 in
914 4964 1045 5019 Prvtoneo
1062 4967 1094 5017 ol.
1113 4968 1216 5020 Schoell
1236 4970 1326 5023 Herm.
1343 4971 1389 5024 Vl.
1408 4990 1433 5037 p.
1453 4974 1486 5024 14
1504 4989 1562 5040 sqq.
