4234 6059
1133 750 1175 814 60

513 969 618 1035 sicubi
650 968 849 1053 inueniatur,
882 970 1063 1049 rarissimu
1099 990 1206 1058 neque
1237 972 1273 1037 in
1295 971 1427 1038 scholiis
1451 974 1585 1041 verbum
1609 976 1670 1041 hoc
1695 997 1804 1043 sensu

512 1103 698 1191 praeditum
713 1126 765 1172 me
780 1105 890 1193 legere
905 1106 1048 1173 memini.
1074 1106 1146 1172 Hac
1161 1107 1296 1173 notione
1312 1128 1465 1194 graecum
1478 1114 1544 1175 est:
1569 1112 1804 1179 ιὶνσκνικεῑσθνιι.

513 1239 663 1306 Articulc
697 1261 826 1328 quoque
861 1262 971 1307 carere
1007 1262 1074 1307 non
1097 1241 1327 1329 potuissemus.
1351 1280 1396 1293 -
1420 1243 1557 1333 Saepius
1581 1246 1679 1331 hujus
1703 1247 1803 1313 vocis

514 1374 663 1461 tragicis,
699 1374 846 1463 Euripidi
877 1376 1036 1463 imprimis
1055 1375 1091 1461 ¹),
1124 1397 1219 1443 carae
1243 1398 1338 1443 usum
1363 1378 1489 1445 facetiis
1513 1379 1579 1444 suis
1603 1382 1804 1467 perstringit

512 1509 664 1579 comicus.
700 1510 748 1578 ol.
773 1511 858 1578 Ran.
883 1532 946 1578 sss.
974 1514 1048 1598 100,
1073 1514 1148 1591 311,
1176 1514 1278 1597 13523
1303 1513 1501 1602 Thesmoph.
1525 1536 1572 1581 rs.
1598 1518 1674 1580 272.

555 1644 605 1713 It.
630 1644 796 1725 στρόφιγξτ
820 1646 881 1711 clud
904 1652 955 1711 τοῦ
979 1648 1151 1727 συστρέφειν
1176 1648 1263 1713 αὑτὸν
1287 1650 1335 1712 uxi
1362 1649 1618 1726 accorporamur.

556 1782 733 1868 Perperam
768 1779 839 1847 eod.
875 1781 959 1848 Bar,
993 1788 1126 1847 secutus
1161 1788 1211 1848 est
1246 1783 1367 1867 Ruth.;
1392 1789 1481 1851 recte
1504 1783 1622 1851 Dind.:
1656 1785 1718 1851 ess
1743 1792 1801 1851 τσῦ

420 1974 423 1980 .
511 1917 713 1995 στρέφειν.
738 1916 778 1983 cf.
803 1916 904 1983 schol.
928 1916 970 1983 ad
993 1917 1080 1986 Nub.
1105 1939 1152 1984 rs.
1179 1920 1254 1984 792.

557 2051 644 2117 Satis
667 2052 806 2119 obscura
828 2052 1042 2119 Rutherfordi
1064 2052 1170 2118 versio
1195 2058 1245 2119 est
1268 2072 1375 2139 neque
1399 2057 1487 2118 recte
1510 2054 1618 2118 locum
1634 2054 1802 2142 interpre-

512 2192 617 2253 tatum
653 2208 728 2253 eum
764 2208 836 2253 esse
870 2188 1042 2253 existimo:
1079 2188 1178 2255 From
1214 2188 1264 2253 the
1294 2189 1469 2255 involution
1491 2188 1557 2253 arrd
1582 2189 1734 2272 „mutire”
1762 2191 1806 2275 of

512 2323 561 2387 aa
596 2324 687 2409 εἰμέν.
735 2323 811 2389 Non
846 2322 934 2388 enim
968 2323 1011 2388 ad
1046 2322 1212 2411 Euripidis
1235 2322 1366 2389 dicendi
1389 2344 1493 2411 genus
1515 2325 1597 2391 haec
1620 2330 1792 2413 spectare,

511 2457 570 2523 sed
593 2457 635 2525 ad
658 2458 758 2522 animi
780 2458 972 2545 ingeniique
993 2456 1157 2541 indolem,
1190 2446 1388 2524 documento
1412 2464 1481 2544 est,
1506 2459 1568 2524 nisi
1591 2459 1697 2545 fallor,
1722 2481 1795 2526 voc.

511 2594 767 2669 ντσννσνργεύεσένιν.
790 2593 831 2660 cl.
856 2614 901 2659 ve.
928 2596 1002 2660 827.

556 2727 608 2792 De
630 2727 732 2793 verbo
754 2728 890 2809 στρέφειν
912 2727 1135 2815 metaphorice
1159 2727 1306 2793 adhibito
1323 2727 1363 2795 ct.
1381 2728 1465 2794 Rau.
1482 2750 1528 2794 rs.
1548 2731 1624 2812 957,
1649 2728 1799 2797 Acharna

511 2883 559 2929 vs.
584 2864 659 2930 395.
1423 2856 1426 2861 ’

557 2997 660 3065 Schol.
685 2998 765 3066 Rue.
790 2999 834 3064 ad
855 3020 900 3066 vs.
926 3001 1003 3066 911.
1027 2999 1048 3065 i.
1074 2999 1095 3065 f.
1120 2997 1171 3062 ἕνσι
1197 2999 1233 3075 γε’
1257 3023 1322 3064 τινκ
1346 3000 1462 3063 κιιέῖσεν
1486 3014 1573 3065 ara:
1597 2999 1662 3075 <ε’ν
1687 2996 1792 3078 Φρυξὶν

513 3133 529 3209 ἢ
550 3135 685 3215 Ἕκτορος
709 3134 858 3214 adspersa>
882 3134 959 3199 οὐδέν
983 3134 996 3197 ὅ
1021 3132 1185 3213 Ἀχιλλεὺς
1208 3133 1390 3211 φέέγγετιιν.

557 3268 585 3334 Ε
619 3268 818 3357 praegressis
861 3270 943 3336 haee
977 3269 1117 3335 inseruit
1152 3267 1275 3353 Ruth.;
1314 3268 1395 3333 falso
1432 3272 1551 3334 tamen.
1606 3267 1668 3332 His
1704 3267 1793 3332 enim

511 3404 591 3470 Vita
625 3404 781 3490 Aeschyli
818 3403 939 3469 diserte
977 3402 1182 3490 obloquitur:
1222 3405 1250 3468 ἑν
1286 3403 1314 3467 δὲ
1350 3403 1384 3477 aa
1418 3410 1477 3473 τοῖς
1510 3400 1646 3481 “Europos
1682 3401 1795 3481 Λύτρννς

513 3538 677 3617 Ἀχιλλεὺς
718 3538 819 3615 ὅμοίως
856 3541 1116 3617 ἐγκεκαλυμμένος
1151 3541 1183 3603 οὐ
1217 3538 1387 3619 φθέγγεται
1430 3538 1526 3605 πλὴν
1569 3538 1583 3599 ε’
1591 3562 1606 3599 ν
1644 3538 1795 3616 νὶρχννῖς

510 3674 601 3750 ὀλίγον
625 3672 693 3753 πρὸς
716 3675 825 3751 Ἑρμῆν
848 3674 1007 3750 ιὶμσνβνῑνν.
1055 3675 1234 3740 Praeterea
1257 3674 1292 3738 in
1308 3673 1409 3739 schol.
1429 3671 1640 3738 antecedenti
1657 3670 1794 3737 dicitur:

511 3808 710 3888 σ’Ἀχιλλεὺς
744 3809 903 3884 καθήμενός
939 3812 1001 3874 ἐστι
1025 3809 1075 3874 xci
1112 3812 1177 3874 οὐκ
1211 3810 1519 3887 ἀποκρινάμενος
1543 3822 1611 3872 κτλ.
1657 3805 1794 3871 Minime

511 3944 612 4030 igitur
634 3943 797 4010 Achillem
822 3965 949 4032 semper
975 3943 1111 4009 tacitum
1135 3944 1169 4009 iu
1194 3964 1292 4009 scena
1315 3942 1438 4009 sedisse
1462 3941 1633 4029 perhibet,
1658 3939 1715 4007 sed
1732 3940 1795 4005 hoc

512 4083 658 4162 tantum,
683 4100 758 4143 eum
781 4079 1019 4165 interrogatum
1043 4099 1110 4144 non
1135 4076 1351 4166 respondisse.
1399 4078 1500 4144 Hisce
1525 4082 1636 4142 tamen
1660 4075 1790 4159 uerbis,

512 4213 539 4278 si
562 4212 694 4277 omnino
717 4214 751 4277 iu
775 4212 930 4279 dramatis
953 4213 1046 4279 initio
1064 4212 1211 4279 Achilles
1228 4212 1402 4296 tacuisset,
1427 4211 1636 4276 scholiastam
1654 4230 1789 4275 usurum

511 4347 611 4412 fuisse
645 4368 740 4433 nego.
789 4348 977 4436 Scripsisset
1014 4370 1042 4415 e.
1069 4370 1098 4434 g.
1133 4350 1164 4412 σύ
1202 4349 1426 4433 φθεγγόμενος,
1464 4352 1576 4410 σιωπῶν
1611 4344 1665 4410 vel
1688 4344 1793 4410 simile

512 4480 600 4568 quid.
636 4519 679 4529 -
714 4480 818 4557 Quam
854 4482 895 4547 ob
934 4503 1003 4549 rem
1028 4482 1244 4549 Rutherfordi
1269 4484 1490 4568 conjecturam
1514 4480 1637 4567 rejicio.
1684 4479 1792 4547 Schol.

511 4622 659 4683 nostrum
692 4617 844 4682 mutilum
878 4615 920 4683 ad
953 4618 1136 4704 longiorem
1172 4617 1293 4685 codicis
1316 4619 1402 4684 Ven.
1429 4615 1676 4683 annotationem
1700 4634 1794 4680 revo-

544 5040 572 5113 l)
590 5039 628 5093 Cl.
646 5041 673 5097 Io
692 5055 728 5093 vs.
746 5040 824 5113 1115,
842 5042 898 5093 Alc.
916 5056 953 5093 rs.
969 5040 1030 5106 6023
1049 5042 1087 5097 El.
1106 5056 1143 5093 vs.
1160 5040 1221 5113 997,
1241 5042 1272 5095 tr.
1290 5040 1346 5108 839,
1365 5041 1422 5107 877,
1440 5040 1501 5107 919,
1518 5041 1576 5097 941.
