4234 6059
944 720 984 794 61

320 954 461 1020 candum
486 974 557 1019 esse
581 953 735 1041 suspicor,
759 953 801 1018 ad
823 954 923 1018 hacce
947 952 1030 1019 soii:
1057 952 1074 1027 a
1098 952 1147 1016 τὸν
1170 951 1351 1042 (Ἀχιλλέα)
1377 956 1405 1018 ἐν
1423 952 1604 1031 Μυρμιδόσιν

321 1090 350 1160 ὃς
374 1090 464 1171 μέχρι
486 1095 567 1167 τριῶν
592 1091 701 1168 ἡμερῶν
726 1090 803 1154 οὐδὲν
829 1088 1011 1166 ediwinus.

366 1225 471 1291 Schol.
495 1226 577 1292 Rue.
600 1224 645 1289 ud
666 1244 710 1290 us.
734 1225 810 1291 917.
848 1223 865 1298 ἢ
893 1229 940 1290 νῦν
956 1224 987 1287 υἱ
1013 1228 1190 1293 nuncium:
1216 1219 1259 1287 ὅτι
1283 1224 1306 1285 ci
1337 1223 1440 1313 nonno>
1465 1227 1493 1289 ἐν
1517 1236 1605 1308 σκηνῇ

321 1360 454 1425 ἐλάλουν.

367 1494 470 1561 Ruth.
511 1494 627 1559 vertit:
668 1493 789 1557 obserce
829 1492 899 1557 that
939 1492 989 1557 tite
1027 1511 1167 1557 common
1199 1492 1313 1577 pecple
1354 1492 1462 1557 tulked
1491 1496 1525 1559 in
1557 1495 1608 1560 the
1653 1521 1656 1528 ¹

323 1631 459 1705 theatro,
495 1628 620 1694 addens
655 1628 717 1693 hoo
753 1628 855 1692 schol.
890 1649 991 1692 unum
1025 1648 1097 1693 esse
1122 1648 1163 1691 ex
1188 1626 1246 1710 iis,
1270 1648 1354 1714 quae
1378 1648 1485 1694 mores
1518 1628 1605 1694 vitae

323 1764 534 1853 quotidianae
549 1769 697 1829 veterum
720 1764 896 1829 illustrant.
927 1762 1086 1828 Attamen
1111 1764 1183 1848 ejus
1207 1762 1312 1827 versio
1333 1763 1464 1849 probari
1482 1766 1605 1849 nequit.

321 1900 508 1985 Nusquam,
544 1898 631 1986 quod
656 1900 773 1983 sciam,
808 1920 875 1964 vox
897 1899 987 1972 cunci
1009 1902 1186 1985 usurpatur
1209 1918 1285 1983 pro:
1323 1898 1454 1965 theatro.
1490 1899 1606 1966 Valet:

321 2054 430 2118 scena,
452 2035 616 2120 pulpitum
639 2034 691 2100 vel
714 2036 795 2099 cctio
818 2034 938 2100 scenica
957 2033 992 2118 ¹).
1018 2032 1110 2098 Haeo
1128 2032 1153 2097 si
1173 2030 1318 2118 sequaris
1335 2033 1435 2098 schol.
1458 2033 1521 2098 huo
1539 2054 1604 2099 non

326 2170 492 2256 pertinere
528 2169 635 2255 quivis
666 2168 767 2234 videt.
802 2170 834 2234 A
862 2169 999 2235 vs.'952
1023 2167 1057 2232 id
1081 2168 1250 2233 aberrasse
1274 2166 1426 2254 equidem
1451 2168 1606 2256 suspicor,

323 2304 371 2368 ita
395 2309 433 2368 ut
458 2304 671 2392 explicaverit
693 2306 829 2370 lemme:
854 2303 1061 2382 δημοκρατικὸν
1085 2304 1144 2382 γαρ
1169 2302 1237 2367 αὕτ’
1261 2303 1351 2382 ἔδρων.
1377 2303 1417 2370 ef.
1442 2302 1541 2369 schol.
1567 2303 1608 2369 ad

325 2440 419 2505 hune.
440 2461 484 2505 vs.
532 2440 655 2506 Verte:
691 2441 768 2525 quia
803 2439 941 2505 honines
974 2438 1107 2525 ipnobiii
1143 2440 1206 2504 ioco
1239 2440 1310 2504 nuti
1331 2440 1366 2503 in
1390 2460 1481 2503 scena
1506 2441 1609 2525 loque·
1698 2498 1701 2504 .

326 2574 454 2640 buntur.
473 2613 514 2623 -
531 2575 596 2640 Pro
620 2574 681 2639 hae
705 2595 778 2639 mea
794 2575 983 2660 conjectura
998 2574 1135 2639 fortasse
1152 2573 1246 2655 facit,
1271 2572 1357 2659 quod
1374 2573 1476 2642 schol.
1493 2574 1528 2637 in
1544 2574 1610 2639 ima

326 2710 448 2797 pagina
471 2710 517 2773 sio
537 2710 727 2795 legebatur3
752 2710 807 2797 qni
823 2710 976 2795 frequens
992 2708 1065 2773 fons
1083 2729 1227 2774 errorum
1245 2713 1305 2791 est,
1330 2714 1366 2772 ut
1384 2729 1480 2773 nemo
1494 2709 1608 2774 nescit.

371 2844 582 2911 &lectitata
607 2844 651 2909 ad
672 2866 716 2911 us.
740 2848 817 2911 922.
853 2843 908 2911 alt.
945 2844 1045 2908 sohol.
1081 2844 1227 2926 σκνρδινᾷε
1264 2843 1461 2919 σκορδινᾶσθαι
1489 2844 1606 2917 γίνεται

325 2978 388 3056 περὶ
419 2979 484 3051 τοὺς
510 2979 702 3060 ἐγειρομένους
726 2978 758 3055 ἐξ
781 2978 868 3043 ὕπνου
892 2976 962 3043 ὅταν
985 2979 1156 3058 quantusue
1180 2977 1258 3049 ὄντες
1283 2978 1429 3041 tursiacus
1454 2979 1494 3041 να
1518 2979 1607 3053 nitu·

325 3111 394 3190 ὅπερ
427 3112 586 3189 συμβαίνει
622 3113 670 3177 καὶ
708 3114 770 3193 περὶ
796 3114 862 3184 τοὺς
886 3112 986 3185 ἄλλως
1009 3137 1071 3184 πως
1093 3112 1339 3193 βασανιζομένους
1363 3092 1412 3175 uui
1438 3113 1610 3195 διαστρεφο-

326 3249 428 3324 μέννυς
453 3249 492 3312 sci
516 3248 603 3324 niun.

370 3382 516 3447 Primum
532 3404 606 3447 cum
623 3381 722 3447 Dind.
738 3380 916 3468 legendum
933 3387 997 3447 est:
1022 3383 1111 3445 ἑκνε
1122 3381 1132 3444 ι’
1140 3406 1246 3465 νυνι,
1272 3380 1391 3447 deinde
1408 3381 1525 3446 ultima
1541 3403 1607 3447 non

325 3518 410 3583 bene
434 3517 592 3605 disposita
615 3538 687 3582 esse
711 3517 791 3581 mihi
814 3515 977 3582 videntur.
1024 3502 1130 3583 Nemo
1155 3518 1259 3600 enim,
1293 3518 1357 3582 nisi
1380 3518 1484 3601 fallor,
1509 3518 1610 3584 verba

326 3650 426 3722 ἄλλως
451 3677 512 3723 cue
535 3653 643 3718 locum
669 3672 763 3715 snum
787 3652 840 3716 hic
864 3672 931 3716 non
956 3656 1069 3717 tenere
1093 3651 1246 3737 negabit,
1273 3651 1433 3737 siquidem
1456 3652 1492 3716 in
1516 3673 1609 3740 prae·

263 3867 266 3875 .
325 3785 519 3852 cedentibus
543 3787 625 3851 nihii
649 3786 690 3852 de
714 3787 906 3873 quaestione
931 3787 983 3853 vel
1006 3786 1265 3872 interrogatione
1290 3787 1441 3851 occurrit.
1472 3785 1611 3850 Etiamsi

325 3911 583 3987 Rutheriordum
619 3922 784 4008 sequaris,
817 3923 876 4009 qui
901 3923 979 3986 satis
1001 3921 1105 3987 libere
1129 3922 1245 3988 vertit:
1366 3919 1416 3985 ue
1439 3941 1524 3985 sume
1545 3928 1612 3986 sort

324 4056 365 4139 cf
392 4058 517 4122 restiess
552 4065 719 4128 monument
746 4078 782 4121 cs
805 4078 903 4122 comes
926 4077 1011 4142 upon
1034 4078 1098 4143 you
1121 4056 1210 4120 uum
1227 4064 1292 4142 put
1316 4063 1371 4121 out
1393 4060 1427 4120 in
1452 4077 1516 4143 unp
1541 4077 1625 4142 wop,

324 4191 390 4255 und
423 4192 561 4257 inclined
595 4200 625 4257 to
659 4193 788 4276 συνέθυε,
822 4192 856 4257 in
882 4196 1041 4257 contextu
1066 4190 1327 4278 exspectaveris:
1360 4188 1428 4269 ὅπερ
1453 4190 1611 4267 συμβαίνει

324 4328 373 4390 καὶ
390 4326 490 4398 ἄλλως
507 4352 567 4399 πως
586 4328 649 4405 περὶ
666 4330 731 4399 τοὺς
748 4342 815 4393 κτλ.
841 4326 871 4392 Α
888 4326 991 4392 Ruth.
1009 4347 1087 4391 veru
1105 4325 1302 4392 dissentiens
1318 4327 1532 4415 interpretor:
1544 4378 1552 4394 .
1563 4378 1570 4395 .
1581 4377 1608 4394 ..

325 4462 411 4548 quod
444 4464 540 4527 etium
574 4464 688 4527 occidit
723 4464 791 4527 illis
828 4482 964 4547 quorum
995 4461 1133 4525 membru
1158 4462 1192 4526 in
1220 4464 1400 4547 quaestione
1423 4462 1612 4527 cruciatibus

323 4596 573 4683 distorquentur.
620 4597 837 4663 Scholiastam
872 4596 914 4663 de
946 4596 1101 4662 membris
1126 4618 1200 4661 oum
1227 4597 1420 4662 oscitatione
1447 4596 1611 4681 extensis,

335 4794 582 4805 m

356 4932 385 4998 1>
404 4934 513 4985 Inversa
538 4949 603 4985 sane
628 4934 731 4985 ratione
758 4932 860 5012 diaspen
886 4936 995 5000 ponitur
1020 4950 1080 5000 pro:
1110 4933 1199 5001 σκηνή,
1227 4936 1309 4987 schol.
1338 4932 1610 5000 aquuit.vs.148;

323 5025 404 5091 Vesp.
423 5042 461 5079 vs.
478 5026 556 5078 1291.
