4234 6059
938 752 981 831 63'

320 1015 401 1078 sime
432 1032 509 1075 usus
539 1014 588 1075 cst
618 1007 802 1094 Aeschylus
820 1008 863 1094 ¹),
893 1027 1000 1091 neque
1024 1006 1131 1070 minus
1156 1025 1253 1091 quam
1277 1026 1343 1068 vox
1366 1003 1478 1085 τάφρος
1504 1025 1598 1090 argu-

321 1152 434 1212 menta
455 1146 544 1232 ejus
586 1143 783 1231 proeliorum
826 1140 1040 1227 caediumque
1084 1141 1182 1227 plena
1214 1140 1248 1204 in
1281 1140 1471 1206 memoriam
1507 1140 1602 1205 nobis

320 1290 462 1348 revocat.
500 1280 538 1346 ln
572 1284 683 1343 mente
719 1278 857 1342 fortasse
892 1277 1036 1342 habebat
1071 1276 1130 1340 hos
1161 1275 1317 1361 Aeschyli
1348 1297 1411 1341 uss.
1443 1274 1603 1362 (Ohoeph.

323 1420 387 1482 362
423 1416 523 1503 sqq.):
559 1411 628 1488 μηδ’
665 1413 719 1476 ὑπὸ
753 1412 870 1491 Τροῖοις
891 1411 897 1499 Ι
921 1414 1036 1491 τείχεσι
1072 1414 1224 1495 φθίμενος,
1259 1411 1371 1487 πάτερ,
1392 1411 1399 1495 Ι
1419 1414 1487 1487 μετ’
1520 1410 1605 1491 ἄλλῳ

321 1552 484 1631 δουρικμῆτι
510 1552 573 1626 λαῷ
593 1551 599 1633 Ι
620 1548 724 1625 παρά
749 1546 1009 1623 Σκαμάνδρου
1033 1549 1145 1626 πόρον
1170 1546 1365 1628 τεάάφάαι
1390 1562 1456 1611 κτλ.
1483 1584 1523 1594 -

367 1684 443 1749 Jam
468 1683 582 1749 scholii
599 1682 825 1748 difficultatem
841 1703 893 1748 me
911 1702 976 1746 non
993 1682 1163 1748 sustulisse
1181 1703 1247 1747 non
1262 1682 1394 1768 ignoro,
1419 1679 1476 1746 sed
1494 1686 1604 1746 tamen

323 1819 405 1885 lucis
427 1818 551 1905 aliquid
568 1818 684 1884 afferre
702 1818 840 1883 fortasse
857 1817 938 1882 mihi
955 1816 1094 1903 contigit
1111 1816 1233 1882 scholio
1251 1817 1387 1882 obscuro
1402 1816 1605 1903 insequenti:

324 1955 455 2035 ζητεῖται
489 1960 544 2020 ποῦ
576 1958 694 2030 μάλλον
725 1954 886 2019 ουναππέον
917 1955 950 2017 τὸ
974 1951 1146 2027 άπασπιδοιν
1171 1952 1297 2024 ἐπόντας
1322 1955 1338 2027 ά
1362 1959 1420 2023 τοῖς
1444 1954 1501 2017 tua
1526 1954 1542 2027 ἢ
1566 1953 1606 2032 τῷ

324 2091 507 2169 ρρυταέτονρ
541 2088 766 2169 χαλκηλάτους.
814 2087 890 2153 Mea
925 2087 1012 2153 enim
1046 2086 1232 2175 suspicione
1256 2086 1414 2171 admissa,
1439 2086 1606 2172 aliquanto

325 2225 428 2310 magis
451 2223 606 2289 credibile
630 2224 667 2288 fit
692 2223 885 2288 scholiastae
910 2228 1054 2287 mentem
1079 2229 1264 2288 assecutum
1282 2243 1352 2287 esse
1369 2222 1604 2306 Dobraeum2)‚

326 2360 383 2447 qui
413 2364 525 2425 censet
556 2380 631 2424 eum
663 2358 861 2444 quaesivisse
893 2380 936 2423 an
963 2358 1091 2443 virgula
1114 2356 1382 2444 distinguendum
1407 2355 1450 2421 sit
1473 2361 1564 2443 poet:
1590 2355 1607 2430 a

327 2494 372 2558 ’τ’
404 2495 533 2559 άοτιδοιν
566 2493 706 2579 ἐπόντας,
737 2499 835 2579 atque
858 2492 939 2558 haec
963 2492 1011 2558 ita
1033 2491 1256 2559 intellexisse:
1281 2499 1420 2558 mortuos
1443 2492 1476 2556 in
1502 2492 1608 2579 clypeo

324 2636 470 2715 postolos,
506 2629 589 2694 Nam
615 2629 642 2692 si
665 2627 877 2716 praecederet
894 2628 1027 2711 τάφους,
1052 2650 1119 2692 non
1136 2628 1182 2693 ita
1199 2627 1373 2693 difficulter
1389 2628 1609 2715 explicaretur

326 2764 534 2829 scholiastam
578 2763 619 2829 de
659 2769 749 2829 recta
782 2764 955 2830 verborum
991 2763 1223 2849 conjunctione
1258 2763 1435 2829 dubitasse.
1473 2801 1514 2811 —
1550 2762 1609 2828 Sin

327 2898 452 2982 minus,
485 2899 680 2963 scholiastae
713 2897 876 2964 dubitatio
901 2898 981 2962 mibi
1005 2897 1137 2985 quidem
1161 2899 1258 2985 plane
1282 2897 1523 2985 inexplicabilis
1548 2902 1609 2963 est.

373 3029 478 3099 Schol.
503 3033 586 3100 Rae.
610 3034 654 3098 ad
675 3054 719 3099 oo.
744 3035 811 3098 938
834 3034 1091 3113 παραπετάσμασι
1114 3040 1173 3107 τοῖς
1197 3034 1352 3108 Mediceis:
1381 3040 1439 3105 τοῖς
1463 3039 1609 3111 Περσικοῖς

325 3168 440 3245 βολαῖς.

372 3303 420 3369 (ll.
445 3302 525 3370 Zon.
550 3325 575 3369 s.
599 3325 630 3369 v.
653 3301 763 3380 βαλάςι
782 3353 788 3365 .
808 3351 815 3367 .
833 3352 867 3368 ..
891 3305 1015 3381 λέγεται
1039 3301 1089 3367 καῖ
1113 3303 1146 3367 τὸ
1171 3303 1259 3369 ῖστῖον
1282 3304 1443 3380 Ῥωμαϊστί
1458 3302 1495 3389 ³),
1514 3301 1606 3370 Suid.

327 3459 352 3504 s.
387 3460 414 3503 v.
446 3437 692 3517 παραπέτασμαε
846 3440 1060 3524 παράπλιομα,
1098 3438 1130 3503 τά
1166 3438 1324 3516 λεγόμενον
1359 3438 1453 3515 βάλον
1489 3439 1611 3521 (velum

328 3572 605 3656 subsidiariumil.
632 3612 673 3621 -
695 3574 874 3639 Praeterea
889 3573 924 3638 in
943 3573 1075 3638 scholiis
1091 3573 1188 3639 hasce
1206 3595 1302 3641 voces
1319 3574 1474 3659 Latinas,
1499 3574 1612 3660 quales

327 3708 427 3773 etiam
460 3707 547 3795 apud
579 3708 696 3773 Patres
728 3708 893 3774 Ecclesiae
922 3708 1046 3773 multae
1075 3709 1216 3774 inveniri
1248 3715 1386 3797 possunt
1404 3712 1449 3793 4),
1483 3708 1612 3773 notavi:

327 3844 521 3924 βουρδονάριος
558 3843 599 3909 ad
634 3844 834 3931 Thesmoph.
870 3865 918 3908 rs.
943 3844 1027 3929 4913
1063 3842 1196 3924 άρονλλα
1222 3843 1265 3909 ad
1291 3844 1433 3910 Acharn.
1458 3864 1505 3911 vs.
1530 3846 1612 3927 8883

327 3985 447 4061 φοῦρνος
481 3978 523 4043 ad
559 3979 646 4045 Nub.
672 4000 718 4043 vs.
735 3980 804 4062 ,963
842 3977 1008 4057 ἕκοκὲπτοιρ
1046 3980 1232 4066 (exceptor)
1264 3979 1307 4045 ib.
1335 3981 1417 4057 7703
1449 3978 1614 4059 σκουτάριον

328 4112 380 4179 ad.
405 4114 493 4178 Plut.
519 4135 566 4179 vs.
592 4115 676 4198 4503
700 4113 844 4192 σουδάριον
869 4113 913 4179 ib.
940 4114 1015 4179 729.

374 4246 478 4315 Schol.
502 4250 583 4314 Boo.
608 4250 651 4313 cd
672 4270 716 4313 os,
741 4251 816 4315 944.
864 4255 1100 4330 Κνφισοφιῖνται
1138 4248 1180 4313 du
1215 4250 1302 4314 ἐδόκει
1331 4250 1429 4321 δοῦλος
1461 4249 1497 4313 ὢν
1522 4250 1534 4314 ὃ
1559 4259 1615 4323 Κλ·

327 4389 462 4465 Φισοφῖν
485 4392 642 4459 συμπονεῖν
667 4386 746 4467 αὐτῷ
772 4385 822 4449 καῖ
846 4384 983 4460 μάλιστα
1009 4383 1048 4446 τά
1072 4384 1148 4459 μὲλνρ
1173 4400 1242 4449 κτλ.

364 4684 448 4751 1)'cr.
473 4687 501 4737 in
528 4688 584 4738 sola
610 4686 728 4751 Orestia,
746 4687 792 4754 hg.
810 4702 862 4740 uss.
880 4687 937 4754 519,
955 4687 1034 4755 1310,
1053 4688 1170 4752 Choeph.
1189 4703 1239 4741 res.
1257 4687 1315 4753 llil,
1332 4687 1390 4754 335,
1408 4689 1464 4754 351,
1484 4686 1541 4753 486,
1559 4684 1616 4751 499,

330 4778 387 4845 538,
405 4778 468 4845 893,
487 4779 564 4832 Eum.
580 4795 631 4833 vsa.
649 4780 706 4847 691,
724 4780 782 4833 770.

362 4872 459 4932 9)1.1.
477 4888 501 4938 p.
519 4871 583 4939 1733
601 4875 629 4925 in
648 4875 730 4925 schol.
747 4876 889 4941 legendum
906 4891 964 4927 esse
981 4873 1104 4950 putanti
1123 4877 1159 4925 ’τ’
1182 4872 1296 4925 ἀσπίδων
1314 4872 1431 4934 ἐπόντας.

364 4964 393 5030 3)
410 4966 552 5031 Perperam
569 4982 590 5019 s.
609 4969 634 5019 h.
652 4984 675 5019 v.
694 4969 759 5019 haec
775 4969 915 5035 leguntur3
934 4982 1003 5020 novo
1021 4970 1153 5022 lemmati:
1172 4972 1276 5031 βάλον
1294 4970 1462 5036 adjungenda
1479 4974 1551 5020 sunt.

367 5060 396 5124 l)
414 5059 452 5111 Cl.
470 5060 613 5126 Sophocles
631 5062 716 5113 Greek
733 5062 846 5115 Lexicon
865 5063 891 5114 oi
908 5064 953 5114 the
971 5064 1046 5115 Rom.
1064 5064 1117 5114 and
1134 5063 1193 5131 Byr.
1211 5064 1327 5129 periodo,
1345 5064 1425 5129 praet.
1443 5079 1468 5128 p.
1485 5062 1525 5113 96.
