4234 6059
954 722 1034 786 2‘l.

330 946 533 1012 dirimeretur
562 946 691 1031 potius,
728 952 764 1010 ut
794 953 923 1021 ννλῆν
953 941 1072 1009 dmiese
1103 943 1271 1011 rideretur.
1301 943 1461 1030 Equidem
1482 946 1616 1033 jocum,

331 1081 394 1149 nisi
416 1082 478 1147 hoc
503 1079 599 1147 modo
623 1080 843 1169 explicatum,
868 1101 933 1146 non
958 1080 1135 1167 intellego:
1160 1079 1389 1168 Hegelochum
1405 1086 1480 1170 post
1497 1082 1617 1160 γαλήν’,

331 1217 447 1306 spiritu
472 1216 648 1282 deficiente
672 1216 806 1282 brevem
830 1238 965 1305 pausam
991 1215 1127 1300 fecisse,
1152 1221 1189 1281 ut
1205 1215 1372 1282 auditores
1389 1225 1487 1295 ννλῆν
1503 1216 1617 1284 audire
1677 1269 1680 1274 .

331 1358 504 1442 putarent,
529 1374 602 1419 cum
626 1352 735 1431 yatur’
759 1354 808 1432 ὁρῶ
833 1352 1034 1439 conjunctim
1059 1350 1127 1418 iere
1151 1351 1365 1440 pronuntiare
1383 1351 1618 1422 debuisset.-

331 1489 440 1556 Aliter
470 1488 638 1556 Fritzsohe
666 1488 812 1576 judicat,
846 1488 1076 1575 Hegelochum
1100 1487 1243 1553 maxima
1266 1508 1345 1554 voce
1369 1496 1470 1565 νννλῆν
1494 1488 1617 1555 dixisse

332 1630 462 1713 putans.
494 1625 599 1690 Simul
622 1629 733 1690 tamen
756 1622 899 1690 elisionis
923 1623 1162 1711 significatione
1186 1622 1327 1710 quadam
1351 1645 1432 1711 opus
1449 1645 1521 1692 esse
1538 1644 1618 1690 con·

332 1761 449 1826 tendit.
482 1761 588 1837 Quam
611 1761 885 1848 significationem
901 1760 936 1825 in
951 1760 1019 1827 leni
1035 1760 1209 1826 verborum
1226 1759 1458 1846 conjunctione
1475 1759 1615 1848 positam

332 1896 430 1964 fuisse
466 1898 590 1987 opinor.
625 1934 665 1946 —
698 1898 749 1963 De
781 1917 843 1962 usu
873 1896 963 1962 verbi
992 1902 1157 1976 συγχωρεῖν
1182 1894 1341 1963 dubitavi.
1365 1894 1465 1962 Valet
1489 1899 1616 1963 tamen:

333 2033 464 2099 coiret
495 2033 573 2102 Eur.
603 2032 677 2122 Iph.
701 2033 799 2101 Taur.
827 2034 909 2118 1245
937 2031 976 2128 cf.
1002 2030 1147 2118 Hesych.
1172 2052 1195 2097 s.
1221 2053 1250 2097 v.
1274 2031 1429 2112 σύγχντντ
1454 2030 1615 2116 συνεχύθη,

333 2169 514 2249 συνεχωρήθη
533 2169 569 2252 ¹).

368 2303 482 2371 'Sobel
518 2305 599 2372 Rue.
634 2303 678 2368 ud
711 2324 755 2371 oe.
791 2305 867 2370 308.
902 2302 970 2371 i.f.
1017 2303 1187 2384 iropplxee:
1221 2302 1309 2380 πυρὸς
1340 2303 1400 2383 γὰρ
1435 2300 1467 2379 ἦν
1494 2303 1507 2367 ὁ
1530 2302 1619 2381 ἱερεὺς

332 2440 413 2505 κατὰ
435 2440 536 2523 φύσιν.
572 2439 716 2526 Injuria,
740 2461 792 2506 me
812 2438 942 2526 judice,
967 2438 1070 2506 Ruth.
1096 2436 1216 2506 codicis
1241 2439 1434 2526 scripturam
1458 2438 1619 2524 servavit3

336 2574 576 2642 restituendum
612 2580 680 2642 est:
716 2574 873 2660 averte,
907 2573 1038 2641 rufus.
1087 2573 1299 2661 Adjeclivum
1335 2573 1424 2655 πυρός
1459 2595 1618 2662 nusquam

333 2717 443 2779 exstat
477 2712 540 2777 nisi
570 2711 735 2777 nonnullis
769 2710 849 2777 locis
883 2709 1081 2776 scholiorum
1105 2710 1440 2798 Aristophaneorum,
1477 2709 1545 2779 scil.
1571 2708 1612 2776 ad

333 2848 416 2914 th.
445 2868 508 2915 uss.
535 2848 610 2930 787,
649 2848 745 2913 1047.
791 2845 831 2910 In
866 2845 928 2912 hoc
964 2850 1075 2912 tamen
1111 2846 1234 2912 scholio
1266 2846 1365 2912 etiam
1388 2846 1492 2912 forma
1515 2846 1616 2926 πυρρός

333 2982 468 3069 legitur.
504 2983 683 3050 Praeterea
716 2980 809 3048 Anat.
848 2983 912 3048 798
937 2980 1079 3046 occurrit
1103 2981 1343 3071 comparativus
1367 2984 1542 3067 νννρώτερνς,
1566 2981 1619 3048 cui

335 3118 457 3185 formae
477 3118 558 3185 nihil
581 3118 710 3201 tribuo,
734 3122 850 3205 utpote
874 3118 970 3183 metri
995 3139 1093 3183 causa
1115 3117 1252 3183 fortasse
1276 3117 1383 3185 fictae.
1407 3155 1451 3166 -

381 3254 520 3320 Scholiis
552 3253 592 3319 ad
620 3253 708 3319 huuc
735 3276 782 3321 vs.
806 3254 977 3342 perlectis,
1000 3256 1070 3341 jam
1094 3257 1273 3320 statueram
1297 3274 1407 3320 veram
1430 3252 1494 3319 loci
1517 3253 1619 3320 inter·

335 3390 553 3479 pretationem
589 3389 670 3456 haec
705 3411 771 3456 non
806 3390 964 3479 praebere
1000 3390 1052 3478 (ut
1077 3389 1208 3456 ·Kochii
1239 3395 1289 3455 est
1322 3388 1457 3478 opinio).
1505 3388 1618 3477 Nuper

336 3532 447 3592 autem
482 3526 517 3625 in
551 3527 742 3592 Leeuwenii
777 3527 1011 3593 commentario
1047 3526 1115 3592 vidi
1149 3527 1255 3592 virum
1279 3525 1503 3592 doctissimum
1531 3547 1561 3591 v.
1587 3524 1619 3590 d.

337 3661 446 3729 Sande
469 3662 671 3749 Bakhuijzen
695 3663 789 3729 aliter
811 3663 899 3729 hunc
922 3685 969 3730 vs.
994 3664 1186 3751 explicasse.
1224 3663 1288 3739 Qui
1304 3663 1346 3728 tel
1359 3663 1617 3751 iuterpretatur:

337 3799 350 3863 ὃ
373 3799 523 3881 πρωκτό
530 3823 555 3871 ς.
603 3799 688 3875 Quia
712 3804 822 3865 tamen
845 3820 958 3865 servus
980 3798 1051 3866 heri
1076 3801 1185 3865 culum
1210 3820 1297 3865 nunc
1321 3819 1454 3865 cernere
1472 3797 1617 3884 digitove

336 3934 481 4002 indicare
513 3935 645 4022 nequit,
669 3955 700 4002 v.
725 3935 891 4002 Leeuwen
914 3936 1095 4023 intellegit:
1121 3938 1134 4001 ὁ
1158 3936 1365 4020 κροκωτόν,
1390 3935 1411 4002 i.
1429 3955 1456 4003 e.
1482 3933 1622 4021 Dionysi

337 4071 449 4138 vestis.
495 4070 557 4138 cui
586 4092 652 4136 uon
676 4071 852 4155 assentior,
881 4070 1023 4137 maxime
1049 4077 1183 4160 propter
1206 4093 1290 4158 quae
1314 4071 1398 4137 inlra
1423 4075 1619 4158 sequuntur,

338 4229 384 4273 vs.
421 4209 486 4273 479
519 4228 589 4294 sqq.
636 4207 778 4273 Multum
809 4207 890 4274 haec
923 4205 1021 4272 scena
1051 4207 1172 4296 leporis
1196 4205 1356 4295 perdere,
1387 4207 1486 4272 immo
1510 4206 1623 4294 inepta

338 4341 409 4407 fieri
444 4341 522 4407 mihi
557 4341 697 4426 videtur,
734 4343 761 4407 si
796 4343 848 4408 hic
874 4344 944 4428 jam
976 4343 1041 4408 tale
1072 4342 1150 4429 quid
1184 4342 1334 4428 jocosum
1371 4341 1411 4407 de
1447 4341 1525 4408 hero
1562 4362 1620 4406 suo

338 4477 502 4544 Xanthias
527 4477 648 4546 dixerit
663 4480 701 4565 2).
742 4481 920 4546 Praeterea
943 4477 984 4545 de
1008 4483 1100 4545 veste
1124 4477 1207 4564 dici,
1232 4483 1323 4546 metu
1346 4476 1454 4542 rufum
1479 4478 1620 4543 colorem

339 4634 410 4680 eam
447 4614 639 4702 sumpsisse,
676 4614 755 4680 mihi
789 4614 877 4682 haud
909 4615 957 4680 ita
988 4615 1106 4704 placet.
1142 4654 1177 4662 —
1214 4614 1377 4703 Equidem
1402 4634 1496 4679 suum
1520 4612 1622 4700 ipsius

372 4953 401 5017 1)
419 4954 496 5018 Apud
514 4954 625 5021 Hesych.
643 4970 704 5006 sero
716 4960 850 5020 promotor
861 4969 937 5006 meus
949 4970 972 5006 v.
985 4955 1017 5007 cl.
1031 4953 1160 5023 Vollgraff
1170 4944 1350 5026 reponendum
1363 4951 1447 5002 ducil=
1467 4945 1622 5020 σννεχώνθν.

373 5048 401 5119 2)
419 5047 456 5101 Ct.
475 5049 588 5100 Roemcr
604 5049 621 5101 l.
638 5050 656 5100 l.
673 5064 698 5120 p.
715 5048 748 5099 28
765 5064 804 5121 sq.
